3459 5617
623 504 746 562 246
1287 503 1642 582 Reqistrum
1700 504 1921 564 Thome
1974 504 2048 564 de
2105 503 2435 583 Cantilupo

627 729 748 789 bus
804 728 1129 800 omnibus;
1189 734 1284 789 set
1340 728 1450 789 fiat
1505 729 1742 789 solucio
1798 729 1875 788 ad
1931 729 2142 789 minus
2196 728 2359 789 infra
2410 729 2433 808 j
2492 747 2747 798 annum,
2792 727 2891 789 vel
2933 726 3101 787 infra

627 854 866 894 annum
923 840 987 895 et
1043 834 1390 904 dimidium,
1435 835 1488 896 si
1543 835 1656 894 fiat
1697 835 1983 896 vendicio
2038 833 2292 894 domino
2346 834 2387 894 J
2389 834 2624 894 ohanni
2672 834 2751 894 de
2790 833 2853 892 la
2894 833 3095 892 Mare.

629 939 800 999 Item
843 939 1319 1000 memorandum
1361 940 1438 999 de
1479 939 1690 999 littera
1732 939 2075 1018 optinenda
2114 959 2229 1018 pro
2270 939 2518 999 redditu
2558 938 2764 998 adhuc
2806 937 3101 998 habendo

623 1063 740 1123 per
795 1064 1032 1104 annum
1088 1045 1164 1104 de
1220 1045 1474 1104 domino
1523 1045 1712 1105 Petro
1762 1044 1840 1106 de
1882 1045 2053 1124 Lacy
2094 1065 2282 1125 super
2324 1045 2373 1106 C
2415 1045 2643 1105 marcis
2685 1044 2803 1105 sibi
2845 1043 3095 1104 debitis.

633 1148 800 1209 Item
850 1149 1324 1210 memorandum
1376 1149 1454 1210 de
1501 1150 1752 1210 redditu
1796 1170 1837 1209 x
1884 1150 2182 1210 librarum
2238 1151 2316 1210 de
2364 1149 2726 1229 Wyltesira¹
2767 1149 3102 1209 vendendo

629 1274 744 1334 pro
789 1253 838 1314 C
879 1253 1072 1324 libris,
1117 1259 1180 1315 et
1222 1255 1743 1334 compensacione
1784 1254 2069 1316 facienda
2107 1275 2221 1335 per
2254 1261 2452 1316 terras
2484 1260 2730 1334 emptas
2764 1275 2878 1334 per
2910 1255 3099 1333 Epis-

629 1379 894 1438 copum;
944 1359 1234 1420 videlicet
1274 1380 1386 1439 per
1427 1365 1660 1420 terram
1703 1361 1780 1420 de
1830 1360 2205 1440 Cloppeleye
2248 1365 2311 1421 et
2354 1365 2585 1422 terram
2627 1361 2704 1420 de
2746 1359 3101 1430 Colewelle,

628 1471 694 1526 et
751 1486 862 1546 per
916 1471 1148 1526 terram
1205 1471 1484 1545 emptam
1553 1465 1630 1526 de
1686 1466 1942 1527 domino
1997 1467 2185 1527 Petro
2241 1466 2320 1527 de
2378 1465 2555 1527 Salso
2612 1465 2925 1535 Marisco;
2976 1484 3101 1545 que

627 1576 793 1632 terre
849 1571 902 1632 si
957 1571 1208 1632 valeant
1258 1571 1378 1641 xli,
1435 1571 1595 1632 bene
1650 1571 1937 1650 quidem;
1994 1572 2093 1632 sin
2144 1578 2375 1642 autem,
2432 1571 2844 1650 suppleantur
2898 1589 3101 1649 usque

627 1678 708 1736 ad
766 1675 1040 1737 valorem
1103 1696 1140 1735 x
1197 1675 1561 1736 libratarum
1625 1682 1789 1738 terre
1845 1697 1959 1755 per
2019 1677 2406 1756 Episcopum
2471 1677 2548 1737 de
2611 1675 2660 1736 O
2715 1674 2892 1736 libris
2940 1695 3102 1754 quas

626 1783 888 1862 recipiet
943 1784 1021 1844 de
1069 1784 1428 1862 supradicto
1476 1784 1743 1844 redditu.
1843 1785 1931 1844 Et
1972 1788 2341 1863 procuretur
2380 1783 2781 1844 confirmacio
2822 1782 3100 1862 Capituli

627 1907 741 1966 per
797 1889 1129 1968 magistros
1172 1890 1252 1950 W
1275 1890 1623 1967 [illelmum]
1683 1890 1761 1950 de
1804 1890 2027 1951 Monte
2075 1891 2269 1960 Forti,
2312 1890 2371 1949 R
2390 1889 2722 1967 [obertum]
2781 1889 2859 1949 de
2903 1889 3097 1948 Glou-

627 1995 873 2064 cestria,
917 1995 999 2054 W
1021 1995 1331 2072 [alterum]
1379 1996 1456 2055 de
1497 1995 1952 2076 Rudmareleye
1994 2003 2058 2056 et
2099 1996 2140 2056 J
2160 1997 2521 2074 [ohannem]
2584 1996 2660 2056 de
2716 1995 3097 2054 Bradeham.

633 2099 796 2160 Cum
852 2100 1114 2161 ecclesia
1169 2101 1247 2161 de
1306 2101 1498 2162 Stoke
1553 2101 1727 2180 Lacy
1774 2101 2087 2163 vacaverit
2142 2122 2181 2162 a
2236 2102 2426 2162 Festo
2485 2101 2713 2162 Sancte
2768 2100 3103 2160 Trinitatis

626 2205 792 2266 infra
825 2207 1182 2285 quindecim
1216 2207 1368 2276 dies,
1399 2207 1773 2268 auctoritate
1805 2213 2022 2268 nostra
2060 2212 2123 2268 et
2166 2207 2511 2268 secundum
2555 2206 3099 2267 Constitucionem

627 2310 892 2372 Ooneilii
949 2311 1406 2390 Lugdunensis,
1463 2333 1576 2392 per
1623 2313 1941 2373 Vicarium
1998 2313 2299 2393 Episcopi
2356 2312 2655 2392 magistro
2728 2359 2740 2372 .
2816 2359 2828 2372 .
2904 2358 2917 2371 .
2990 2357 3006 2371 .
3074 2313 3101 2346 ⁹

623 2415 999 2477 conferatur.

626 2746 1029 2807 Memoranda
1068 2747 1246 2824 yiven
1289 2753 1346 2808 to
1390 2747 1487 2808 the
1526 2748 1867 2818 Precentor,
1899 2747 1997 2808 the
2044 2747 2299 2825 Official‚
2342 2747 2469 2808 and
2510 2747 2708 2807 others
2748 2747 2820 2826 os
2844 2747 3093 2806 varim

863 2835 1185 2906 payments
1231 2835 1289 2888 to
1332 2827 1398 2889 be
1437 2829 1614 2888 mdc
1656 2828 1726 2888 in
1770 2828 1867 2888 the
1908 2828 2195 2907 Bishop’s
2240 2828 2461 2906 behalf,
2501 2827 2629 2889 and
2668 2828 2739 2907 os
2773 2847 2815 2887 a
2856 2847 2993 2888 sum
3031 2827 3103 2905 os

869 2908 970 2969 six
1028 2908 1304 2969 hundred
1357 2909 1564 2970 marks
1624 2916 1681 2969 to
1741 2909 1806 2969 be
1860 2909 2109 2986 secretly
2150 2908 2461 2988 deposited
2504 2908 2576 2967 in
2617 2907 2714 2968 the
2760 2907 3097 2969 Gatludral

867 3009 938 3049 as
979 2989 1246 3066 security
1275 2990 1384 3069 sor
1426 2990 1524 3050 the
1568 2990 1765 3050 Tenth
1804 2989 1875 3050 in
1914 3011 2049 3051 case
2089 2990 2160 3069 of
2192 2989 2358 3050 need.

788 3167 1050 3228 Articuli
1078 3187 1236 3248 quos
1266 3169 1576 3230 Dominus
1606 3169 1861 3230 domino
1900 3169 2261 3247 [Willelmo]
2284 3217 2299 3240 ,
2334 3169 2714 3239 Precentori‚
2764 3168 3054 3246 [Rogero]
3074 3213 3089 3238 ,

627 3273 912 3343 Officiali,
970 3279 1034 3335 et
1083 3274 1238 3344 aliis,
1289 3280 1437 3335 ante
1487 3294 1666 3335 suam
1716 3275 2318 3346 transfretacionem,
2370 3274 2629 3334 tradidit
2676 3273 3087 3353 exequendos,
3152 3355 3169 3366 .

621 3379 1022 3440 —Particule
1063 3379 1460 3440 denariorum
1502 3399 1660 3460 quos
1702 3380 2015 3441 Dominus
2055 3381 2337 3460 precepit
2381 3380 2644 3441 diversis
2692 3380 2935 3441 solvere
2982 3398 3092 3458 per

623 3485 950 3545 dominum
995 3485 1055 3545 N
1079 3483 1437 3562 [icholaum]
1460 3531 1472 3554 ,
1517 3485 1975 3546 thesaurarium
2018 3505 2221 3556 suum,
2269 3486 2421 3546 dum
2464 3485 2653 3546 fuerit
2696 3486 2765 3546 in
2808 3485 3091 3564 partibus

625 3589 1079 3661 transmarinis,
1107 3595 1318 3669 preter
1346 3590 1632 3650 denarios
1660 3610 1819 3670 quos
1848 3590 2013 3651 idem
2042 3592 2335 3652 dominus
2366 3591 2445 3650 N.
2476 3591 2733 3651 domino
2760 3591 2801 3651 J
2813 3589 3097 3673 [ohanni]

623 3695 703 3757 de
752 3694 930 3755 Clare
986 3695 1266 3756 solvebat
1321 3714 1510 3773 super
1563 3700 1857 3775 compoto
1912 3697 2061 3756 dum
2123 3697 2436 3758 Dominus
2494 3695 2713 3767 abfuit,
2756 3702 2822 3757 et
2884 3701 3095 3776 preter

623 3800 913 3860 denarios
942 3819 1099 3880 quos
1128 3800 1332 3860 dictus
1366 3801 1680 3861 Dominus
1707 3801 1749 3861 J
1770 3800 2096 3878 [ohannes]
2142 3801 2347 3862 eidem
2389 3801 2646 3862 domino
2690 3801 2771 3861 N.
2813 3801 3093 3881 precepit

619 3905 863 3967 solvere
905 3905 1313 3966 creditoribus
1355 3906 1614 3966 Domini
1655 3911 1719 3968 et
1762 3906 1901 3967 aliis
1943 3926 2018 3967 ex
2058 3912 2237 3986 parte
2279 3927 2411 3968 sua.

786 4039 1056 4101 Domine
1093 4041 1134 4101 J
1135 4041 1361 4111 uliane,
1405 4041 1620 4112 sorori,
1663 4063 1703 4101 x
1747 4063 1989 4103 marcas
2030 4062 2143 4123 per
2182 4043 2427 4104 litteras
2468 4049 2761 4123 patentes
2803 4044 2870 4103 in
2914 4049 3091 4124 parte

617 4145 1241 4225 recompensacionis,
1272 4151 1388 4208 etc.

786 4263 1060 4324 Domino
1105 4263 1382 4342 Symoni,
1424 4264 1789 4343 presbitero,
1841 4266 1918 4326 de
1966 4266 2403 4328 elemosinaria
2449 4287 2564 4346 pro
2618 4268 2895 4347 quodam
2948 4287 3085 4347 por-

621 4367 852 4438 titori0,
896 4368 1062 4446 quod
1105 4369 1419 4448 quondam
1461 4369 1580 4430 fuit
1621 4371 1721 4431 W.
1766 4371 1929 4442 Rufi,
1975 4372 2035 4431 xl
2077 4372 2329 4433 solidos.

784 4483 950 4545 Item
991 4491 1352 4564 preceptum
1395 4485 1513 4545 fuit
1551 4487 1754 4547 eidem
1793 4488 2047 4550 domino
2089 4489 2169 4549 N.
2213 4490 2381 4569 quod
2424 4489 2681 4551 domino
2728 4491 3091 4569 [Willelmo]

627 4589 988 4650 Precentori
1032 4589 1298 4650 solveret
1338 4590 1509 4650 illam
1551 4612 1865 4653 summam
1907 4595 2305 4655 denariorum
2346 4615 2461 4675 pro
2502 4595 2655 4656 roba
2695 4597 3003 4658 cendalle⁸
3026 4602 3088 4658 et

625 4693 835 4753 forura
881 4714 996 4772 pro
1045 4695 1283 4756 clericis
1332 4701 1395 4755 et
1445 4697 1759 4758 scutiferis
1807 4698 1873 4756 in
1929 4699 2152 4778 Anglia
2200 4700 2594 4762 morantibus
2642 4702 2724 4762 ad
2772 4703 3089 4782 seysinam

744 4828 948 4868 l-Land
976 4827 1022 4867 {n
1049 4829 1294 4871 Wsstshire
1323 4828 1566 4876 belonging
1592 4835 1644 4872 to
1669 4833 1753 4873 the
1782 4833 1870 4874 See
1897 4833 1939 4874 is
1964 4833 2133 4876 valued
2160 4835 2209 4876 in
2234 4837 2319 4877 the
2342 4835 2547 4878 ‘taxatio
2574 4835 2676 4878 Nic.
2705 4841 2759 4878 nt
2784 4839 2887 4880 mo.

739 4878 912 4918 2—'l’he
939 4889 1078 4919 name
1103 4879 1193 4919 han
1219 4883 1302 4920 not
1331 4879 1444 4921 been
1471 4879 1595 4922 filled
1621 4881 1684 4922 ln.

739 4925 1064 4972 3—eendalle.
1092 4939 1122 4969 a
1147 4925 1238 4969 fine
1265 4929 1390 4970 linen
1417 4929 1540 4972 staff
1563 4943 1618 4972 or
1641 4930 1749 4972 silk.
