3459 5617
333 4262 433 4307 1²01.
459 4264 499 4304 4.

601 477 641 537 8
1251 476 1610 555 Reqistrum
1665 477 1886 539 Thomc
1939 477 2013 541 de
2071 477 2434 559 Gantilupo.

605 700 970 771 triennium,
1015 718 1134 761 nos
1177 700 1460 762 volentes
1493 700 1694 761 eidem
1737 702 2013 779 graciam
2047 701 2249 762 iacere
2291 702 2649 781 specialem,
2692 720 2910 763 omnes
2950 720 3077 775 res,

603 806 1033 885 possessiones
1075 824 1223 867 suas
1265 813 1329 867 et
1373 806 1695 878 beneficia,
1732 826 1853 886 que
1884 807 1952 866 in
1983 806 2235 886 dyocesi
2263 816 2481 868 nostra
2508 806 2773 886 optinet,
2828 827 3079 869 exnunc

609 912 988 988 suscipimus
1035 913 1101 971 in
1145 911 1402 991 speciali
1447 911 1755 983 custodia,
1816 912 2229 990 proteccione,
2288 917 2352 973 et
2409 911 2772 973 defensione
2813 917 3074 983 nostra;

607 1017 988 1078 mandantes
1042 1024 1105 1077 et
1160 1016 1577 1096 precipientes
1631 1016 1900 1079 Officiali
1940 1026 2177 1089 nostr0,
2225 1018 2333 1097 qui
2373 1037 2486 1097 pro
2528 1023 2808 1097 tempore
2864 1019 3076 1091 fuerit,

610 1130 674 1184 et
725 1122 1014 1185 omnibus
1075 1123 1321 1184 ballivis
1383 1130 1447 1183 et
1507 1122 1924 1184 servientibus
1981 1122 2231 1195 nostris,
2295 1129 2367 1183 ut
2426 1123 2544 1203 ipsi
2603 1124 2917 1185 Gulielmo
2959 1128 3075 1185 aut

615 1229 996 1301 hominibusi,
1048 1249 1159 1290 seu
1212 1230 1414 1290 eciam
1461 1229 1980 1291 Procuratoribus
2029 1235 2139 1290 aut
2188 1229 2556 1291 officialibus
2604 1230 2755 1302 suis,
2806 1231 2913 1311 qui
2961 1249 3081 1310 pro

613 1340 896 1416 tempore
946 1336 1195 1407 fuerint,
1253 1335 1601 1414 dampnum
1657 1334 1914 1415 aliquod
1960 1354 2073 1396 seu
2113 1333 2409 1413 injuriam
2464 1353 2592 1395 non
2633 1334 2907 1395 inierant
2962 1340 3077 1396 aut

606 1461 964 1521 gravamen.
1104 1442 1191 1501 Et
1245 1440 1298 1501 si
1339 1440 1490 1521 quid
1541 1441 1777 1503 eisdem
1836 1440 2221 1501 forisfactum
2288 1459 2400 1501 seu
2441 1439 2811 1519 injuriatum
2866 1440 3076 1512 fuerit,

609 1547 694 1618 id,
733 1556 1045 1627 quantum
1087 1546 1151 1606 in
1191 1547 1282 1607 eis
1321 1552 1438 1618 est,
1479 1546 1716 1607 faciant
1751 1545 2092 1606 emendari.
2179 1545 2258 1606 In
2295 1546 2477 1624 cujus
2514 1546 2604 1606 rei
2642 1546 3073 1607 testimonium

609 1654 778 1713 dicto
839 1653 1154 1715 Gulielmo
1211 1652 1328 1713 has
1384 1651 1628 1712 litteras
1697 1657 1946 1712 nostras
2007 1651 2142 1711 fieri
2207 1651 2471 1712 fecimus
2538 1658 2834 1730 patentes
2888 1652 3077 1731 sigilli

606 1760 804 1821 nostri
846 1758 1193 1820 munimine
1220 1758 1564 1818 roboratas.
1639 1758 1879 1818 Datum
1924 1757 2024 1817 die
2062 1757 2285 1817 Martis
2313 1757 2601 1836 proxima
2640 1767 2785 1836 post
2814 1757 3077 1818 Festum

617 1866 992 1927 Nativitatis
1039 1865 1238 1926 Beate
1285 1864 1504 1935 Marie,
1551 1884 1719 1924 anno
1764 1864 2020 1924 Domini
2062 1863 2526 1925 M⁰CC⁰LXX⁰
2567 1864 2808 1943 quinto.

621 2085 878 2147 Licence
933 2085 1004 2162 os
1051 2084 1500 2145 non—residence
1567 2092 1624 2144 to
1688 2083 1963 2144 william
2023 2084 2095 2143 de
2158 2082 2433 2163 Conflens
2481 2084 2593 2163 for
2651 2084 2815 2144 three
2874 2101 3075 2160 year-3,

869 2165 1049 2226 while
1091 2172 1158 2225 at
1183 2165 1304 2262 ‘his
1353 2164 1582 2225 studies
1631 2184 1701 2226 or
1750 2165 1848 2225 the
1896 2164 2103 2245 Papal
2148 2173 2319 2225 court
2366 2184 2436 2226 or
2484 2165 2580 2225 his
2630 2164 2835 2223 native
2872 2164 3072 2242 place.

772 2311 1264 2370 Ancmnmcono
1307 2308 2234 2382 HEREFORDEML—'l'homaffi
2265 2317 2407 2381 etc..
2447 2309 2764 2371 Gulielmo
2800 2309 2879 2369 de
2914 2308 3075 2369 Con-

610 2415 790 2487 flens,
825 2414 1278 2475 Archidiacono
1307 2415 1776 2484 Herefordensi,
1809 2415 2097 2486 salutem,
2129 2416 2423 2493 graciam,
2454 2422 2518 2475 et
2546 2414 3073 2476 benediccionem.

610 2522 704 2584 Ut
745 2541 856 2601 per
883 2520 1223 2581 triennium
1262 2520 1656 2582 scholasticis
1682 2522 1895 2582 valeas
1924 2520 2030 2582 ubi
2070 2522 2340 2583 volueris
2380 2521 2668 2582 insistere
2708 2520 3075 2599 disciplinis,

609 2635 723 2690 aut
764 2630 832 2688 in
862 2628 1050 2689 Curia
1077 2628 1368 2688 Romana
1397 2647 1506 2689 seu
1537 2628 1601 2688 in
1638 2628 1923 2707 partibus
1952 2627 2101 2689 tuis¹
2134 2628 2212 2688 de
2251 2630 2478 2709 quibus
2516 2628 2818 2689 oriundus
2862 2628 3077 2689 existis

608 2734 662 2796 si
709 2752 868 2814 opus
914 2732 1028 2793 tibi
1077 2733 1266 2793 fuerit
1315 2734 1692 2805 conversari,
1740 2754 1811 2794 ac
1860 2734 2112 2795 interim
2161 2735 2424 2806 fructuS,
2468 2734 2770 2806 redditus,
2826 2746 2891 2795 et
2934 2753 3073 2813 pro-

615 2846 843 2902 ventus
884 2838 1200 2919 prebende
1239 2846 1344 2900 tue
1389 2838 1873 2899 Hereiordensis
1914 2848 1979 2899 et
2021 2840 2280 2901 ecclesie
2327 2839 2712 2900 Dukestone²
2749 2848 2813 2899 et
2857 2839 3071 2899 Archi-

619 2945 992 3007 diaconatus
1047 2946 1140 3006 tui
1193 2946 1478 3025 predicti,
1538 2947 1700 3006 sicut
1750 2947 2149 3017 consuevisti,
2208 2947 2525 3026 percipere
2582 2946 2814 3017 valeas,
2859 2954 3076 3006 tenore

618 3051 1012 3131 presencium
1043 3050 1300 3111 liberam
1339 3051 1451 3112 tibi
1487 3052 1891 3113 concedimus
1919 3053 2314 3124 facultatem;
2346 3052 2595 3131 proviso
2626 3052 2792 3132 quod
2826 3051 3076 3112 interim

615 3158 774 3237 ipsis
808 3156 1141 3237 prebende,
1182 3158 1460 3227 ecclesie,
1491 3167 1556 3219 et
1585 3158 2139 3219 Archidiaconatui
2168 3159 2360 3220 iacias
2388 3178 2498 3238 per
2524 3158 2783 3219 idoneos
2814 3158 3076 3219 vicarios

615 3282 726 3325 seu
773 3263 1071 3323 officiales
1114 3262 1431 3333 deserviri,
1475 3262 1567 3325 ita
1610 3264 1777 3343 quod
1811 3264 2039 3327 debitis
2081 3285 2207 3326 non
2250 3266 2617 3327 fraudentur
2656 3264 2968 3345 obsequiis
3007 3275 3073 3325 et

609 3369 962 3431 animarum
1006 3388 1157 3430 cura
1197 3369 1262 3428 in
1304 3369 1394 3429 eis
1436 3370 1800 3430 nullatenus
1842 3370 2204 3448 negligatur.
2291 3370 2368 3430 In
2412 3370 2593 3449 cujus
2635 3370 2744 3441 rei,
2789 3378 2906 3430 eto.

615 3596 784 3673 Sept.
818 3592 1301 3653 11.-—Mamiate
1334 3599 1391 3653 to
1437 3592 1533 3653 the
1570 3596 1785 3655 Canon
1826 3612 1904 3653 on
1951 3595 2104 3671 duty
2145 3601 2205 3654 to
2244 3592 2458 3654 indust
2505 3596 2710 3669 Henry
2753 3592 2825 3653 dc
2864 3592 3069 3655 Wood-

853 3672 1022 3735 stock
1065 3682 1124 3734 to
1169 3674 1267 3733 the
1305 3673 1575 3753 prebend
1611 3676 1680 3751 os
1715 3678 1992 3745 Preston,
2036 3674 2297 3735 vacate&
2332 3672 2408 3751 by
2438 3673 2536 3733 the
2564 3673 2819 3752 Bishop‚
2857 3672 2983 3733 and
3010 3680 3073 3734 to

853 3753 1072 3815 imtall
1114 3754 1243 3815 him
1281 3753 1351 3815 in
1391 3755 1488 3815 the
1536 3754 1896 3817 Gathedral.

770 3896 1068 3968 Thomas,
1099 3903 1243 3967 etc„
1276 3895 1765 3957 Ebdomodario⁸
1787 3896 2069 3974 ejusdem
2099 3895 2381 3955 Ecclesie
2411 3895 2697 3966 salutem,
2730 3904 2849 3956 etc.
2915 3896 3070 3957 Cum

605 4000 991 4081 prebendam
1020 3999 1097 4060 de
1119 4000 1406 4071 Preston,
1431 4019 1620 4079 quam
1650 4000 1715 4059 in
1746 4000 2035 4061 Ecclesia
2066 3999 2511 4061 Hereiordensi
2539 4000 2880 4072 tenuimus,
2906 4018 3070 4060 nunc

613 4114 962 4179 vacantem,
1015 4106 1245 4167 dilecto
1301 4106 1480 4167 nobis
1523 4107 1590 4167 in
1640 4107 1894 4168 Christo
1938 4107 2192 4167 domino
2242 4106 2520 4167 Hem-ico
2564 4107 2643 4167 de
2695 4106 3068 4168 Wodestoke

615 4233 815 4293 nuper
881 4213 1329 4274 contulerimus
1398 4213 1635 4273 intuitu
1718 4212 2019 4285 caritatis,
2092 4211 2266 4273 vobis
2336 4212 2712 4273 mandamus
2778 4212 3071 4291 quatinus

616 4320 853 4381 dictum
897 4318 1245 4379 Henricum
1275 4318 1373 4379 vel
1407 4318 1544 4396 ejus
1573 4320 2052 4381 Procuratorem
2087 4318 2150 4377 in
2194 4319 2578 4398 corporalem
2610 4318 3067 4397 possessionem

613 4434 959 4487 memorate
1001 4424 1312 4504 prebende
1355 4432 1418 4486 et
1453 4424 1735 4485 omnium
1769 4425 2221 4504 pertinencium
2266 4424 2348 4484 ad
2388 4424 2652 4485 eandem
2682 4424 2817 4484 vice
2858 4434 3071 4485 nostra

622 4540 687 4595 et
730 4532 1102 4595 auctoritate
1151 4530 1481 4602 inducatis,
1526 4531 1732 4592 locum
1782 4539 1845 4591 et
1896 4530 2154 4591 stallum
2204 4530 2269 4590 in
2319 4530 2609 4609 Capitulo
2658 4536 2721 4590 et
2771 4529 2975 4591 Ghoro
3014 4528 3070 4591 ei

737 4666 1045 4714 l—Probably
1071 4668 1117 4706 in
1145 4666 1319 4714 Savoy.
1347 4671 1399 4708 at
1427 4678 1456 4707 a
1484 4668 1614 4715 place
1641 4667 1811 4708 named
1838 4665 2071 4708 conflens.
2100 4670 2151 4706 at
2176 4666 2261 4706 the
2286 4662 2555 4705 confluence
2580 4662 2631 4705 of
2654 4667 2753 4705 two
2780 4663 2945 4705 rivers.

731 4720 929 4760 2-Now
946 4717 1138 4763 Dixton.
1157 4728 1272 4758 near
1291 4718 1584 4758 Moumouth.

733 4768 1177 4815 S-Hebdomadary
1201 4778 1319 4812 was,
1349 4766 1396 4807 in
1429 4765 1660 4808 Hereford
1679 4778 1736 4807 as
1752 4766 2023 4811 elsewhere.
2042 4778 2071 4807 a
2091 4776 2230 4806 name
2246 4763 2322 4805 for
2346 4764 2429 4805 the
2447 4764 2609 4805 Canon
2627 4764 2735 4805 who
2751 4774 2855 4805 was
2880 4774 2939 4803 on
2964 4762 3079 4821 duty

611 4819 689 4862 for
716 4821 797 4860 the
824 4816 968 4859 week.
1039 4818 1189 4857 When
1222 4816 1574 4858 non-residence
1610 4817 1803 4857 became
1836 4827 2052 4857 common
2083 4820 2167 4857 the
2200 4820 2323 4856 term
2349 4813 2695 4873 distinguished
2729 4814 2811 4854 the
2836 4814 2997 4855 Canon
3034 4822 3079 4871 gn

611 4869 868 4915 residence,
899 4868 1008 4909 who
1035 4867 1148 4909 took
1176 4867 1258 4907 the
1291 4868 1422 4913 plaee
1446 4866 1497 4907 of
1523 4868 1605 4908 the
1635 4868 1767 4908 Dean
1798 4866 1845 4905 in
1882 4866 1957 4905 his
1983 4866 2200 4907 absence.
2264 4865 2363 4905 The
2390 4862 2521 4906 word
2548 4874 2589 4903 is
2616 4862 2858 4911 variously
2887 4863 3007 4909 spelt
3034 4872 3081 4901 m

606 4922 692 4962 the
711 4921 812 4961 MS.
