3459 5617
331 4690 431 4734 Pol.
457 4688 554 4737 aeb.

653 488 735 549 88
1300 491 1656 571 Reqistrum
1713 492 1933 555 Thome
1986 493 2059 555 de
2132 494 2463 575 Cantilupo

653 713 870 775 Sancti
914 714 1265 788 Laurencii,
1309 716 1706 795 presentibus
1749 718 2003 779 domino
2044 718 2425 780 Eadmundo
2480 720 2557 781 de
2616 720 2871 781 Mortuo
2926 721 3115 793 Mari,

649 818 907 880 domino
950 819 1267 881 Willelmo
1323 822 1506 894 Rufo,
1551 823 1871 901 magistris
1916 824 2231 885 Willelmo
2286 824 2364 886 de
2418 826 2481 885 la
2538 826 2755 905 Haye,-
2802 826 2983 887 Luca
3040 825 3121 887 de

651 926 836 999 Bree‚
882 928 1173 1009 Philippo
1222 930 1298 991 de
1344 930 1837 1010 Kynardesleye,
1881 931 1921 993 J
1926 934 2175 993 ohanne
2224 933 2303 993 de
2346 933 2701 1013 Wygemor,
2748 935 2997 1014 Rogero
3038 935 3118 995 de

657 1033 1003 1109 Sevenake,
1075 1036 1362 1099 Gilberto
1445 1038 1522 1098 de
1606 1038 1953 1118 Heywode‚
2024 1040 2317 1101 «Iohanne
2393 1041 2471 1101 de
2554 1041 2747 1113 Groft‚
2818 1042 3119 1102 Johanne

651 1139 733 1201 de
789 1140 989 1215 Clare,
1048 1141 1340 1203 Johanne
1399 1144 1476 1205 de
1532 1144 2008 1223 Wymbeldone.
2095 1146 2409 1207 Dominus
2463 1155 2678 1208 autem
2734 1146 2916 1207 Prior
2970 1167 3119 1208 cum

655 1246 986 1307 Conventu
1048 1257 1372 1326 presentes
1430 1249 1596 1311 dicte
1658 1250 2025 1329 prefixcioni
2087 1270 2300 1312 coram
2369 1252 2549 1313 nobis
2611 1272 2905 1332 expresse
2968 1272 3119 1313 con-

645 1359 999 1413 senserunt.

647 1622 804 1702 Auy.
847 1627 946 1683 13.
949 1625 1328 1686 —Mandate
1371 1632 1429 1686 ιο
1473 1624 1570 1686 the
1613 1626 1942 1686 Succentor
1981 1627 2051 1706 of
2094 1626 2191 1686 the
2236 1625 2570 1689 Gathedral
2612 1632 2669 1686 ιο
2709 1625 2827 1687 cite
2870 1626 3119 1705 Hervey

891 1705 965 1766 de
1007 1706 1296 1777 Borham,
1338 1706 1518 1767 Dea‘n
1558 1708 1628 1785 of
1662 1708 1756 1767 St.
1798 1706 1982 1767 Paul’
1986 1728 2033 1777 ε,
2080 1713 2137 1767 ιο
2187 1728 2417 1787 appear
2472 1708 2666 1787 before
2722 1706 2820 1768 the
2876 1707 3121 1787 Bishop

890 1794 948 1848 ιο
989 1807 1224 1849 answer
1250 1788 1360 1867 for
1389 1786 1699 1866 plurality
1741 1788 1813 1867 of
1844 1787 2140 1866 benefices.

813 1940 1078 2004 G1rao1o
1163 1942 1497 2021 H[nsvn1]
1576 1960 1663 2001 nn
1747 1942 2436 2012 Bonnam-Thomas,
2506 1949 2650 2014 etc.‚
2741 1944 3119 2006 Succsntori

651 2045 934 2124 ejusdem
1005 2048 1309 2119 Ecclesie,
1383 2048 1675 2120 salutem,
1743 2056 1862 2109 etc.
1976 2049 2137 2109 Cum
2198 2050 2527 2129 negocium
2586 2069 2711 2130 quo
2768 2070 2843 2111 ex
2909 2050 3118 2112 officio

645 2157 864 2211 nostro
913 2160 1130 2213 contra
1177 2153 1516 2214 discretum
1567 2154 1792 2225 virum,
1836 2154 2161 2214 dominum
2220 2154 2283 2213 H
2306 2157 2604 2234 [erveum]
2670 2155 2748 2215 de
2801 2156 3113 2227 Borham,

654 2260 982 2320 Decanum
1030 2260 1244 2322 Sancti
1283 2261 1461 2321 Pauli
1501 2260 1993 2334 Londoniarum,
2032 2280 2219 2340 super
2261 2260 2621 2339 pluralitate
2664 2260 3118 2322 beneficiorum

648 2374 713 2427 et
772 2367 1152 2446 dignitatum
1210 2368 1594 2447 aliquamdiu
1651 2368 1944 2428 duximus
1997 2368 2481 2447 procedendum,
2533 2368 2721 2428 certis
2767 2387 2845 2428 ex
2902 2369 3117 2431 causis

644 2472 953 2534 hactenus
993 2474 1182 2534 fuerit
1223 2475 1626 2553 protelatum,
1671 2482 1736 2534 et
1778 2475 1843 2533 in
1881 2474 2078 2554 ipsius
2118 2474 2270 2535 dicti
2312 2474 2379 2533 H
2400 2474 2611 2553 [ervei]
2657 2482 2722 2535 et
2762 2474 3117 2536 multorum

649 2579 915 2642 aliorum
962 2581 1331 2659 periculum,
1375 2586 1446 2641 ut
1477 2581 1793 2653 timemus,
1838 2580 2003 2641 idem
2043 2580 2367 2659 negocium
2412 2580 2617 2641 adhuc
2659 2590 2987 2641 remaneat
3018 2583 3115 2640 in·

650 2685 968 2759 decisum;
1052 2686 1336 2747 volentes
1393 2686 1740 2747 secundum
1795 2686 2002 2747 Deum
2053 2696 2116 2746 et
2164 2686 2479 2764 justiciam
2542 2686 2605 2745 in
2648 2686 2909 2764 negocio
2970 2706 3114 2765 pro-

649 2796 870 2857 cedere
926 2803 1294 2868 memorat0‚
1351 2796 1526 2857 vobis
1595 2797 1971 2856 mandamus
2032 2796 2295 2856 firmiter
2348 2796 2747 2875 injungentes
2806 2796 3114 2877 quatinus

646 2904 1000 2983 predictum
1058 2905 1124 2964 H
1147 2907 1444 2983 [erveum]
1506 2904 1714 2965 citetis
1770 2904 2187 2983 peremptorie
2248 2903 2415 2983 quod
2472 2909 2833 2982 compareat
2893 2922 3115 2965 coram

656 3010 856 3080 nobis,
902 3010 1000 3070 vel
1049 3010 1497 3070 commissariis
1527 3010 1780 3080 nostris,
1824 3010 1888 3069 in
1947 3008 2209 3069 ecclesia
2255 3008 2597 3088 parochiali
2640 3007 2720 3069 de
2759 3008 3109 3087 Dymmok,

644 3116 745 3177 die
815 3116 1077 3177 Sabbati
1136 3120 1422 3195 proximo
1479 3123 1622 3195 post
1666 3116 1923 3175 Festum
1972 3114 2403 3175 Exaltacionis
2462 3114 2693 3175 Sancte
2740 3114 2985 3187 Crucis,
3044 3116 3113 3174 in

642 3219 814 3281 dicto
856 3220 1114 3299 negocio
1157 3220 1502 3281 secundum
1545 3226 1857 3281 retroacta
1898 3238 2321 3298 processurus,
2367 3224 2485 3280 etc.
2589 3219 2676 3278 Et·
2719 3218 2867 3297 quid
2920 3238 3115 3297 super

641 3325 833 3404 hujus
905 3324 1186 3386 mandati
1271 3326 1468 3386 nostri
1551 3326 1926 3386 execucione
2009 3324 2300 3396 feceritis,
2374 3332 2494 3385 etc.
2608 3326 2847 3385 Datum
2936 3325 3111 3404 apud

639 3430 1097 3510 Wytheburne,
1157 3430 1378 3492 Idibus
1433 3432 1718 3509 Augusti.

635 3702 792 3782 Auq.
836 3706 934 3763 13.
937 3700 1316 3761 -Μαηᾱαιε
1373 3706 1431 3761 ιο
1489 3700 1586 3760 the
1637 3698 1827 3759 Prior
1864 3699 1991 3759 and
2038 3699 2303 3759 Convent
2344 3699 2415 3777 os
2445 3697 2827 3759 Leominster
2869 3705 2930 3759 ιο
2970 3699 3113 3779 yive

869 3784 1003 3863 free
1044 3802 1241 3843 acce-33
1287 3788 1344 3841 ιο
1390 3781 1487 3842 the
1532 3780 1796 3851 Ghurch,
1840 3800 1909 3841 as
1955 3779 2063 3840 has
2108 3780 2249 3839 been
2289 3779 2629 3859 repeatedly
2672 3777 2973 3858 enjoined.

799 3937 1634 4009 Laomnsm.—Thomas,
1678 3947 1823 4009 etc„
1869 3938 2143 3997 Domino
2185 3936 2385 3997 Priori
2426 3940 2491 3997 et
2533 3936 2887 3997 Conventui
2944 3936 3107 3997 Leo·

647 4040 936 4107 minstrie
1004 4045 1296 4115 salutem,
1341 4050 1459 4104 etc.
1567 4044 1748 4105 Licet
1803 4043 1981 4104 vobis
2035 4042 2193 4103 alias
2247 4042 2603 4102 dederimus
2655 4042 2722 4101 in
2777 4042 3107 4103 mandatis

638 4154 809 4234 quod
849 4152 1190 4233 quamdam
1233 4156 1482 4232 portam
1526 4170 1743 4212 versus
1784 4150 2111 4211 ecclesiam
2169 4148 2593 4227 parochialem
2634 4148 2792 4209 citra
2834 4148 3107 4209 Festum

639 4258 873 4321 Sancte
932 4257 1260 4318 Trinitatis
1321 4258 1604 4336 proximo
1663 4255 2031 4334 preteritum
2077 4273 2364 4314 amovere
2418 4252 2729 4325 faceretis,
2788 4272 2863 4313 ex
2914 4252 3107 4331 cujus

641 4373 821 4443 porte
864 4363 1158 4424 clausura
1212 4362 1414 4422 multa
1469 4368 1532 4421 et
1575 4360 1751 4420 varia
1804 4360 2081 4440 pericula
2119 4359 2487 4430 iminebant,
2531 4364 2717 4438 prout
2756 4358 2825 4418 in
2864 4359 3107 4420 litteris

637 4471 874 4532 nostris
916 4469 1092 4531 vobis
1135 4488 1322 4548 super
1378 4467 1497 4528 hoc
1546 4466 1799 4526 directis
1853 4466 2099 4544 plenius
2154 4466 2531 4537 continetur,
2616 4465 2919 4543 lapsoque
2976 4471 3103 4526 ter-

637 4578 809 4638 mino
864 4575 1164 4656 predictO,
1218 4574 1366 4654 quia
1406 4573 1564 4634 illud
1604 4572 1974 4633 mandatum
2030 4577 2315 4632 nostrum
2360 4570 2581 4650 exequi
2627 4590 2756 4631 non
2804 4572 3103 4645 curastis,

635 4703 747 4746 vos
817 4681 1249 4743 inobedientes
1319 4680 1541 4740 merito
1609 4678 2107 4759 reputaverimus
2176 4684 2241 4737 et
2318 4684 2744 4748 contumaceS,
2828 4696 3107 4756 quarum

634 4807 864 4868 penam
935 4788 1114 4848 nobis
1183 4786 1636 4847 reservavimus
1704 4785 1882 4846 vobis
1952 4803 2065 4863 pro
2154 4790 2435 4863 tempore
2502 4782 2951 4861 infligendam:
3026 4803 3103 4845 ac

637 4897 867 4956 iterato
927 4894 1094 4954 idem
1152 4892 1522 4953 mandatum
1586 4897 1873 4952 nostrum
1944 4890 2104 4950 citra
2172 4890 2432 4950 Festum
2500 4888 2690 4949 Beati
2757 4887 3101 4949 Laurencii
