3459 5617
346 1706 444 1747 1²01.
478 1708 537 1747 19.

647 514 727 573 56
1296 514 1652 592 Reqistrum
1709 514 1929 575 Thome
1983 515 2055 575 de
2128 514 2459 593 Cantilupo

651 738 880 799 Sancte
921 740 1251 801 Trinitatis
1292 741 1356 799 in
1399 761 1480 800 xv
1521 740 1674 813 dies,
1718 740 2076 821 ubicunque
2118 749 2271 801 tunc
2322 760 2603 802 essemus
2645 740 2709 799 in
2752 740 3001 820 Anglia,
3046 746 3113 800 et

651 864 773 925 que
801 854 1024 925 postea
1052 848 1355 908 remansit
1385 849 1520 908 sine
1548 847 1648 907 die
1689 855 1944 927 propter
1978 847 2445 927 expedicionem
2476 846 2786 908 exercitus
2813 846 3018 907 nostri
3046 846 3113 906 in

650 951 966 1012 Walliam.
1052 954 1140 1013 Et
1171 953 1404 1015 habeas
1431 954 1518 1014 ibi
1547 953 2105 1015 summonicionem
2137 958 2199 1014 et
2226 953 2345 1014 hoc
2375 953 2579 1013 breve.
2666 952 2856 1013 Teste
2884 958 3007 1012 etc.

649 1210 796 1269 Jan.
839 1213 936 1279 15,
981 1209 1535 1270 1278.—Circular
1578 1208 1748 1269 letter
1797 1214 1854 1268 to
1912 1207 2009 1268 the
2062 1207 2335 1267 Prolatos
2371 1206 2541 1285 from
2594 1206 2757 1284 Pope
2812 1204 3110 1265 Nicholas

891 1290 1010 1349 III
1043 1289 1431 1367 announcinq
1473 1288 1569 1350 his
1610 1288 1863 1349 election
1902 1295 1969 1347 at
2018 1286 2253 1349 Viterbo
2296 1308 2373 1347 on
2416 1287 2479 1347 S.
2528 1286 2905 1347 Catherine's
2946 1286 3111 1363 Day,

893 1371 1018 1431 and
1062 1369 1156 1431 his
1199 1371 1539 1430 reluctance
1578 1369 1782 1429 which
1820 1390 1945 1429 was
1994 1368 2323 1428 overruled.
2447 1367 2546 1427 He
2601 1366 2742 1427 asks
2787 1367 2898 1446 for
2954 1366 3115 1427 their

885 1471 1160 1530 prayer-s,
1212 1451 1338 1510 and
1378 1450 1603 1511 desires
1656 1450 1791 1510 that
1840 1450 1979 1511 bare
2026 1447 2387 1509 necessarias
2437 1447 2579 1525 only
2627 1467 2770 1525 my
2821 1448 2889 1507 be
2934 1446 3117 1525 qiven

895 1540 952 1592 to
996 1532 1092 1592 the
1136 1532 1305 1592 letter
1345 1531 1623 1591 carriers.

818 1688 876 1749 N
883 1688 1118 1749 icolaus
1199 1688 1598 1767 Episcopus,²
1663 1688 1893 1749 Servus
1978 1688 2309 1749 Servorum
2400 1686 2541 1757 Dei,
2632 1684 3115 1747 Venerabilibus

651 1794 981 1855 Fratribus
1039 1790 1539 1873 Archiepiscopo,
1597 1794 1949 1873 Episcopis,
2008 1800 2073 1854 et
2128 1792 2375 1853 dilectis
2428 1792 2574 1851 filiis
2629 1790 2984 1853 Abbatibus
3040 1810 3114 1851 ac

652 1900 792 1985 aliis
821 1899 1246 1961 Ecclesiarum
1279 1900 1545 1961 Prelatis
1571 1920 1682 1979 per
1726 1900 2245 1961 Cantuariensem
2288 1898 2679 1959 Provinciam
2723 1896 3113 1968 constitutis,

653 2006 924 2067 salntem
953 2011 1016 2066 et
1047 2006 1456 2085 apostolicam
1500 2005 2023 2066 benediccionem.
2113 2006 2432 2065 Immense
2460 2004 2771 2064 Dominus
2799 2004 3113 2083 potencie,

651 2112 761 2193 qui
791 2112 1096 2173 mundum
1124 2133 1236 2192 per
1265 2132 1332 2173 se
1361 2112 1659 2183 condidit,
1683 2132 1797 2191 per
1824 2132 1891 2173 se
1920 2112 2098 2191 regit,
2124 2132 2239 2173 nec
2269 2116 2407 2190 eget
2430 2110 2820 2171 extrinsecus
2848 2110 3115 2189 quesitis

652 2218 900 2279 auxiliis
929 2218 1008 2278 ad
1031 2218 1390 2297 regendum,
1416 2219 1522 2299 qui
1546 2239 1672 2280 non
1701 2218 1871 2298 eguit
1901 2220 1979 2279 ad
2011 2218 2404 2282 condendum
2428 2237 2443 2289 ;
2486 2236 2673 2297 quem
2696 2216 2884 2288 enim,
2921 2216 3116 2278 Sacra

658 2324 982 2401 Scriptura
1028 2330 1323 2396 testante,
1373 2324 1564 2384 alium
1611 2326 1941 2385 constituit
1983 2342 2170 2403 super
2212 2333 2465 2393 terram,
2518 2332 2630 2383 aut
2678 2342 2865 2401 quem
2918 2322 3113 2382 alium

650 2412 862 2509 posuit
889 2448 1074 2508 super
1096 2449 1238 2490 eum
1266 2449 1451 2509 quem
1475 2429 1821 2490 fabricatus
1842 2438 1940 2490 est
1961 2429 2214 2490 orbem?
2246 2428 2525 2509 proiecto
2545 2428 2790 2489 nullum
2810 2446 2827 2499 ;
2860 2433 2958 2487 set
2978 2427 3115 2507 ipse

625 2536 826 2623 solus
875 2536 1194 2615 regiminis
1244 2541 1306 2597 et
1353 2536 1833 2614 gubernacionis
1880 2542 1978 2596 est
2021 2534 2311 2614 princeps
2354 2534 2463 2613 qui
2506 2534 2848 2595 creacionis
2896 2532 3115 2594 extitit

659 2642 830 2703 solus
880 2650 1054 2702 actor
1074 2661 1090 2713 ;
1147 2642 1282 2719 ipse
1324 2642 1574 2721 quidem
1619 2641 1902 2702 Ecclesie
1945 2640 2289 2712 Catholice,
2334 2639 2664 2719 peculiaris
2704 2638 3115 2717 proculdubio

659 2748 883 2809 domus
933 2767 1063 2819 sue,
1096 2746 1428 2827 peculiaris
1473 2748 1671 2809 eciam
1718 2746 2014 2819 civitatis,
2047 2747 2217 2807 solus
2261 2746 2584 2807 edificator
2627 2752 2689 2805 et
2732 2752 2987 2817 custos;
3034 2744 3115 2806 ad

651 2854 833 2933 cujus
889 2854 1023 2915 sine
1091 2854 1228 2932 ipso
1284 2854 1638 2914 custodiam
1696 2873 1809 2914 seu
1864 2861 2244 2913 structuram
2299 2852 2531 2913 frustra
2586 2851 2953 2912 edificantes
3008 2851 3115 2911 alii

657 2959 934 3021 laborem
981 2967 1397 3030 assumerent,
1446 2959 1682 3020 frustra
1724 2959 2016 3020 custodes
2061 2959 2250 3019 ceteri
2294 2958 2641 3037 vigilarent,
2690 2963 2869 3018 tanto
2914 2956 3112 3036 magis

649 3086 793 3129 eam
844 3067 1132 3146 specialis
1186 3066 1504 3145 regiminis
1553 3073 1615 3128 et
1664 3068 1949 3127 custodie
1995 3086 2145 3127 cura
2188 3056 2588 3145 prosequitur
2620 3072 2859 3145 quanto
2887 3064 3113 3143 majori

651 3173 1086 3252 singularitate
1115 3174 1500 3245 construxit;
1546 3172 1854 3253 siquidem
1882 3181 2092 3233 cetera
2121 3173 2307 3233 verbo
2350 3191 2571 3233 creans
2611 3171 2789 3243 dixit,
2833 3176 2899 3231 et
2942 3170 3113 3231 facta

655 3286 824 3348 sunt,
857 3278 1209 3338 Ecclesiam
1242 3298 1383 3339 vero
1427 3298 1552 3338 non
1597 3278 1799 3339 solum
1828 3278 2002 3339 verbi
2030 3279 2430 3357 expressione
2472 3288 2569 3338 set
2611 3284 2675 3339 et
2704 3277 2801 3337 sui
2842 3276 3110 3355 preciosi

657 3384 979 3462 sanguinis
1008 3384 1308 3445 effusione
1336 3384 1658 3456 fundavit;
1705 3384 1788 3445 ad
1814 3385 2006 3463 hujus
2034 3390 2248 3445 autem
2283 3385 2691 3463 specialitatis
2720 3383 3111 3445 evidenciam

654 3490 978 3569 discipulis
1026 3491 1178 3559 suis.
1235 3510 1390 3569 quos
1446 3490 1730 3569 ejusdem
1788 3490 2069 3551 Ecclesie
2112 3491 2261 3569 jecit
2307 3490 2493 3551 velud
2539 3490 2838 3569 precipua
2885 3488 3106 3549 funda—

655 3574 892 3667 menta,
924 3595 1080 3675 Ego,
1110 3596 1420 3675 inquiens,
1452 3596 1773 3657 vobiscum
1809 3616 1949 3656 sum
1980 3615 2175 3675 usque
2205 3596 2285 3655 ad
2313 3596 2861 3655 consumacionem
2891 3593 3107 3665 seculi,

657 3720 768 3762 sue
815 3702 1062 3762 virtutis
1107 3701 1507 3762 asistenciam
1555 3702 1944 3781 repromisit3
1988 3707 2051 3762 et
2080 3701 2198 3781 ipsi
2244 3701 2526 3762 Ecclesie
2570 3701 2635 3761 in
2681 3701 3110 3779 apostolorum

652 3806 952 3885 principe,
1025 3806 1124 3866 cui
1193 3806 1495 3887 cujusque
1566 3808 2031 3869 successoribus
2085 3808 2399 3869 commisit
2454 3808 2736 3885 ejusdem
2790 3807 3113 3886 regiminis

651 3913 975 3985 vicariam,
1007 3912 1117 3984 ait,
1158 3912 1295 3991 Ego
1338 3932 1450 3991 pro
1488 3919 1548 3974 te
1577 3913 1811 3992 rogavi,
1845 3914 2049 3985 Petre,
2081 3932 2161 3973 ne
2188 3914 2439 3974 deficiat
2468 3912 2623 3973 fides
2652 3918 2798 3984 tua;
2843 3912 3111 3974 eandem

653 4018 908 4098 insuper
962 4018 1259 4079 vicariam
1318 4018 1406 4078 sic
1462 4038 1599 4079 esse
1656 4019 1853 4081 voluit
1909 4019 2433 4081 vicissitudinario
2488 3995 2904 4079 successionis
2966 4038 3111 4078 con·

651 4123 1012 4185 tinuacione
1056 4129 1443 4203 perpetuam,
1476 4130 1564 4194 ut,
1595 4143 1976 4204 quamquam
2019 4124 2140 4203 ipsi
2179 4125 2413 4197 vicarii,
2446 4144 2521 4185 ex
2565 4124 2842 4184 humane
2880 4125 3111 4203 fragili-

655 4230 810 4289 tatis
866 4230 1229 4290 condicione
1285 4230 1405 4309 legi
1473 4229 1881 4291 mortalitatis
1950 4230 2201 4302 addicti,
2258 4231 2386 4291 vite
2453 4231 2765 4309 presentis
2819 4250 3113 4291 occasum

655 4334 918 4413 imperio
960 4335 1181 4395 mortis
1223 4334 1631 4407 incurrerent,
1677 4336 1882 4414 ipsum
1926 4342 2139 4396 tamen
2182 4336 2517 4396 vicariatus
2550 4335 2843 4407 officium,
2882 4335 3111 4396 substi-

654 4439 1030 4502 tuendorum
1098 4440 1357 4511 vicibuS,
1436 4441 1811 4512 immortale,
1884 4446 2253 4520 perpetuum
2329 4446 2701 4501 remaneret.
2840 4439 3115 4500 Proinde

657 4545 940 4624 sepefata
1013 4545 1218 4605 Mater
1307 4546 1594 4607 Ecclesia
1678 4546 2017 4619 interdum,
2111 4546 2249 4606 utili
2340 4545 2721 4625 desponsata
2805 4545 3113 4624 pontifici,

659 4650 1053 4729 nupcialibus
1081 4660 1306 4711 ornata
1335 4651 1691 4723 monilibuS,
1724 4651 1842 4713 sub
1871 4653 2084 4731 sponsi
2126 4652 2223 4713 sui
2257 4652 2511 4725 ducatu,
2541 4652 2824 4732 ejusdem
2852 4652 3114 4714 rectoris

659 4758 831 4819 omni
888 4756 1193 4835 dirigente
1248 4758 1560 4835 potencia,
1611 4758 1742 4817 leta
1788 4758 2136 4829 deducitur,
2187 4758 2504 4818 interdum
2549 4777 2695 4818 vero
2735 4758 2802 4817 in
2842 4758 3114 4837 pastoris

805 4892 988 4933 1—This
1015 4892 1155 4933 letter
1181 4891 1231 4933 of
1259 4892 1481 4933 Nicholas
1511 4894 1594 4937 111.
1622 4892 1739 4934 with
1767 4905 1795 4934 a
1821 4892 2043 4935 different
2068 4894 2239 4941 ending
2273 4906 2329 4937 as
2360 4894 2616 4937 addressed
2649 4898 2702 4937 to
2738 4895 2857 4942 King
2895 4894 3119 4943 Edward.

655 4943 696 4983 is
722 4947 773 4984 to
801 4943 856 4983 be
882 4941 1028 4983 found
1057 4943 1102 4982 in
1132 4938 1396 4989 “Rymer.··
1421 4944 1635 4989 danum-y
1665 4945 1724 4989 15.
1758 4945 1865 4985 1278.
