3459 5617
47 3176 106 3215 ol.

1147 482 1446 562 Episcopi
1499 482 1979 562 HeresordensiS.
2713 485 2791 545 67

339 709 398 769 le
454 709 634 781 Poer,
694 728 960 788 quarum
1031 709 1317 769 custodia
1384 708 1464 770 ad
1528 708 1734 787 ipsum
1796 708 2069 787 pertinet
2126 728 2200 768 eo
2255 710 2423 788 quod
2476 708 2797 788 predictus

338 814 652 875 Banulfus
707 822 940 876 terram
999 834 1178 875 suam
1236 814 1438 875 tenuit
1487 813 1565 875 de
1612 814 1651 875 J
1656 815 1926 885 ohanne,
1978 814 2293 893 quondam
2347 813 2799 875 Herefordensi

341 920 676 1000 Episcop0,
707 921 1146 999 predecessore
1185 920 1447 1000 predicti
1481 920 1800 1000 Episcopi,
1833 938 1943 997 per
1970 920 2298 980 servicium
2329 920 2619 980 militare.
2706 921 2795 981 Et

323 1025 494 1086 unde
541 1026 843 1105 placitum
887 1026 1006 1085 fuit
1048 1026 1214 1086 inter
1255 1026 1508 1086 eosdem
1551 1026 1615 1084 in
1659 1024 1880 1086 eadem
1925 1024 2133 1095 Curia,
2172 1024 2408 1085 scilicet
2451 1024 2616 1103 quod
2658 1044 2793 1104 pre-

329 1131 542 1193 dictus
602 1132 881 1193 Thomas
939 1132 1016 1193 de
1076 1131 1490 1193 Chaworthes
1546 1132 1907 1209 recognovit
1964 1130 2312 1192 custodiam
2372 1130 2795 1209 predictarum

333 1237 645 1317 Margerie
713 1253 778 1299 et
848 1238 1133 1299 Dionisie
1199 1243 1261 1297 et
1336 1217 1635 1297 heredum
1705 1256 1945 1307 earum,
2008 1243 2071 1296 et
2132 1236 2419 1296 similiter
2488 1242 2793 1298 terrarum

329 1364 609 1418 suarum,
641 1366 763 1425 que
799 1353 948 1406 sunt
979 1346 1054 1406 de
1086 1346 1267 1405 feodo
1295 1345 1492 1423 ipsius
1522 1345 1841 1424 Episcopi,
1873 1364 2011 1405 esse
2044 1346 2145 1424 jus
2180 1345 2375 1423 ipsius
2404 1345 2701 1425 Episcopi
2730 1352 2797 1406 et

335 1451 658 1512 Eecclesie
681 1472 791 1513 sue
824 1452 900 1512 de
929 1452 1306 1512 Herefordia
1321 1473 1340 1525 5
1371 1451 1630 1511 stillam
1653 1450 1895 1511 remisit
1923 1455 1986 1509 et
2016 1450 2295 1529 quietam
2325 1450 2793 1525 clamacionem,

337 1557 418 1619 de
447 1578 514 1619 se
543 1566 607 1619 et
637 1558 971 1619 heredibus
1001 1558 1148 1632 suis,
1180 1558 1462 1637 predicto
1491 1558 1809 1638 Episcopo
1836 1565 1899 1618 et
1929 1556 2390 1618 successoribus
2420 1558 2549 1617 suis
2570 1558 2796 1637 imper-

331 1672 635 1745 petuum;
708 1675 771 1726 et
835 1673 1056 1745 postea
1110 1666 1274 1726 idem
1333 1666 1608 1725 Thomas
1673 1664 1753 1725 de
1809 1664 2219 1726 Chaworthes
2290 1664 2459 1725 dedit
2514 1665 2795 1743 predicto

331 1771 648 1851 Episcopo
716 1772 934 1833 decem
1004 1771 1194 1833 libras
1277 1772 1738 1851 sterlingorum,
1811 1776 1874 1832 et
1955 1791 2069 1851 pro
2152 1770 2271 1831 hac
2340 1771 2792 1851 recognicione,

329 1879 716 1950 remissione,
775 1879 988 1958 quieta
1042 1879 1443 1949 clamacione,
1497 1878 1864 1950 donacione‚
1915 1877 2059 1948 fine,
2112 1882 2176 1937 et
2234 1877 2582 1948 concordia,
2627 1877 2795 1939 idem

341 1984 696 2063 Episcopus
743 1983 983 2045 remisit
1038 1984 1319 2063 predicto
1369 1984 1606 2044 Thome
1647 1983 1726 2043 de
1782 1983 2194 2043 Chaworthes
2251 1982 2463 2042 omnia
2517 1982 2795 2062 dampna

334 2110 456 2171 que
499 2091 745 2152 dicebat
801 2110 869 2151 se
925 2090 1219 2151 habuisse
1269 2090 1594 2150 occasione
1642 2089 1917 2168 predicte
1972 2088 2254 2150 custodie
2310 2089 2791 2168 imperpetuum.

337 2194 816 2256 memorandum
859 2194 1026 2274 quod
1068 2195 1234 2255 dicte
1262 2194 1478 2254 decem
1523 2193 1676 2255 libre
1719 2194 1924 2254 solute
1966 2194 2218 2254 fuerunt
2263 2193 2433 2253 dicto
2482 2192 2796 2273 Episcopo

337 2300 785 2361 Herefordensi
831 2300 997 2379 apud
1031 2299 1397 2371 Totenhale,
1439 2299 1713 2360 secundo
1755 2300 1855 2361 die
1884 2300 1923 2361 J
1927 2300 2078 2372 unii,
2112 2299 2572 2363 M⁰CC⁰LXX⁰
2605 2320 2794 2373 none,

336 2426 448 2486 per
475 2406 800 2467 dominum
830 2406 1136 2466 Thomam
1167 2406 1244 2466 de
1274 2406 1722 2478 Chaworthes;
1769 2410 1832 2465 et
1861 2405 2082 2466 habuit
2117 2407 2359 2468 litteras
2401 2407 2776 2487 aquitancie.

331 2738 482 2815 May
531 2742 585 2807 8,
630 2736 1061 2797 1276.-Writ
1107 2743 1164 2797 to
1209 2736 1306 2797 the
1350 2736 1587 2814 Sheriff
1633 2737 1704 2815 of
1754 2736 2121 2815 Shropshire
2178 2743 2235 2797 to
2290 2757 2566 2798 sammon
2619 2738 2799 2799 Peter

581 2818 793 2879 Corbet
851 2825 908 2878 to
965 2838 1193 2896 appear
1255 2818 1446 2896 before
1512 2816 1607 2877 the
1665 2816 1931 2877 Justz'ces
1988 2818 2058 2896 of
2126 2818 2557 2888 Westminster,
2615 2818 2676 2897 if
2726 2819 2797 2880 he

581 2898 690 2959 has
745 2906 850 2958 not
904 2900 1166 2959 restored
1225 2898 1586 2977 beforehand
1631 2906 1688 2958 to
1734 2898 1829 2958 the
1878 2898 2113 2977 Bishop
2155 2919 2262 2959 one
2306 2899 2581 2959 hundred
2629 2920 2795 2961 acres

578 2981 648 3058 of
685 2978 832 3039 land
873 2980 1235 3057 wroanully
1277 2979 1579 3049 detained,
1624 3000 1693 3039 as
1737 2978 1985 3057 alleqed.

509 3161 713 3221 Breve
767 3160 1066 3239 originale
1120 3180 1231 3239 per
1289 3160 1454 3241 quod
1510 3162 1867 3239 Episcopus
1923 3161 2403 3221 Herefordensis
2452 3162 2801 3240 implacitat

351 3242 612 3301 Petrum
643 3241 908 3302 Corebet
939 3262 1146 3303 coram
1176 3242 1213 3303 J
1218 3242 1550 3302 usticiariis
1580 3242 1657 3302 de
1691 3242 1909 3302 Banco
1939 3242 2103 3321 apud
2135 3242 2793 3303 westmonasterium.

503 3410 1256 3481 SAn0P1A.—Edwardus,
1288 3416 1431 3483 etc„
1463 3410 1834 3472 Vicecomiti
1876 3411 2121 3490 Salopie
2166 3412 2454 3473 salutem.
2540 3412 2798 3491 Precipe

337 3516 526 3577 Petro
565 3516 830 3578 Cerebet
859 3517 1027 3597 quod
1068 3517 1234 3596 juste
1277 3523 1340 3577 et
1383 3516 1518 3577 sine
1560 3516 1870 3577 dilacione
1913 3517 2135 3577 reddat
2176 3517 2436 3589 Thome,
2482 3518 2799 3598 Episcopo

345 3622 810 3692 Herefordensi,
855 3630 1107 3683 centum
1159 3642 1336 3683 acras
1382 3628 1638 3701 pasture
1683 3642 1824 3682 cum
1871 3623 2294 3701 pertinenciis,
2340 3624 2402 3682 in
2455 3624 2797 3704 Esthamp-

339 3733 509 3798 tone,
561 3728 626 3787 in
678 3747 835 3809 quas
884 3728 1051 3789 idem
1102 3729 1328 3789 Petrus
1378 3748 1504 3790 non
1547 3728 1740 3789 habet
1783 3729 2133 3808 ingressum
2176 3728 2295 3789 nisi
2337 3749 2449 3809 per
2489 3730 2796 3790 Thomam

339 3832 627 3906 Cerebet,
699 3834 806 3915 qui
867 3835 1148 3905 Petrum,
1214 3835 1528 3914 quondam
1593 3834 1980 3913 Episcopum
2052 3834 2599 3905 Herefordensem,
2663 3854 2799 3913 pre-

346 3938 738 4000 decessorem
787 3918 1013 4018 prefati
1057 3940 1376 4019 Episcopi,
1427 3939 1573 4000 inde
1614 3940 1849 4019 injuste
1890 3946 1953 4000 et
1996 3940 2131 4000 sine
2181 3940 2412 4018 judicio
2454 3940 2795 4013 deseisivit,

338 4051 484 4122 post
531 4044 799 4123 primam
853 4045 1434 4106 transfretacionem
1482 4044 1737 4104 Domini
1780 4044 2042 4104 Henrici
2083 4044 2291 4122 Regis,
2335 4044 2535 4123 patris
2576 4044 2797 4115 nostri,

342 4148 408 4207 in
467 4148 886 4221 Brittaniam;
958 4158 1023 4210 et
1081 4150 1202 4210 nisi
1265 4150 1501 4221 fecerit,
1559 4157 1623 4210 et
1680 4150 2001 4228 predictus
2057 4150 2409 4228 Episcopus
2465 4149 2680 4211 fecerit
2736 4155 2802 4210 te

339 4272 630 4314 securum
683 4256 759 4315 de
809 4254 1051 4315 clameo
1107 4273 1222 4315 suo
1278 4254 1730 4335 prosequendo,
1790 4259 1941 4315 tunc
1996 4272 2397 4315 summoneas
2444 4275 2556 4334 per
2601 4254 2801 4317 bonos

345 4360 830 4421 summonitores
885 4360 1234 4439 predictum
1291 4360 1615 4437 P[etrum]
1679 4358 1944 4420 Corebet
2000 4358 2166 4438 quod
2222 4360 2303 4419 sit
2372 4379 2583 4419 coram
2652 4360 2691 4421 J
2697 4379 2797 4421 us-

351 4462 609 4525 ticiariis
638 4466 872 4526 nostris
915 4465 1083 4544 apud
1126 4465 1759 4526 Westmonasterium
1798 4464 1865 4523 in
1900 4463 2160 4526 Octabis
2191 4464 2422 4525 Sancte
2451 4465 2800 4537 Trinitatis,

349 4575 716 4631 ostensurus
771 4590 964 4651 quare
1013 4589 1138 4631 non
1195 4570 1431 4631 fecerit.
1557 4570 1645 4631 Et
1695 4570 1932 4631 habeas
1987 4569 2070 4629 ibi
2121 4569 2675 4630 summonicionem
2736 4578 2803 4631 et

341 4674 460 4735 hoc
523 4677 728 4735 breve.
801 4676 988 4737 Teste
1051 4677 1290 4755 meipso
1346 4676 1512 4755 apud
1572 4676 2228 4747 Westmonasterium,
2294 4674 2398 4753 viij
2458 4676 2559 4737 die
2622 4677 2797 4748 Maii,

345 4800 513 4841 anno
555 4782 730 4859 regni
784 4782 984 4843 nostri
1039 4788 1280 4861 quart0.
1407 4782 1628 4842 Faciat
1684 4780 2035 4860 Episcopus
2092 4788 2449 4842 attornatos
2510 4782 2575 4841 in
2632 4782 2803 4843 dicto

341 4888 594 4967 placit0.
