3459 5617
16 3836 125 3877 ΡοΙ.
167 3835 236 3874 13.

1175 482 1477 561 Episcopi
1528 482 2013 561 Herefordensia
2744 486 2823 545 33

359 704 678 767 Canonico
723 706 1115 774 Herefordie,
1160 706 1452 779 salutem,
1497 714 1641 777 etc..
1689 707 1999 766 sinceram
2043 707 2107 766 in
2152 706 2428 767 Domino
2471 708 2819 769 caritatem.

356 811 800 872 Intelleximus
857 812 1044 892 quod,
1105 832 1248 873 cum
1317 812 1640 873 sentencia
1703 812 2035 873 diffinitiva
2096 832 2211 891 pro
2268 813 2463 885 vobis,
2525 814 2824 893 magister

355 916 564 996 Egidi,
596 918 662 976 in
706 917 894 993 Curia
939 918 1380 979 Cantuariensi
1424 937 1612 997 super
1647 917 1962 978 decanatu
2004 917 2373 979 Herefordie
2412 919 2543 979 lata
2574 919 2819 993 fuisset,

355 1042 468 1084 vos
510 1023 778 1084 eandem
824 1026 1204 1103 acceptastis
1248 1032 1311 1083 et
1354 1024 1594 1084 fecistis
1637 1025 1999 1085 execucioni
2041 1024 2344 1097 mandari,
2384 1028 2645 1105 eJusque
2678 1046 2819 1105 pos·

357 1131 724 1201 sessionem,
772 1136 1084 1209 quatenus
1140 1130 1206 1189 in
1258 1129 1435 1191 vobis
1494 1136 1649 1202 erat,
1702 1130 2078 1191 auctoritate
2134 1130 2300 1191 dicte
2354 1132 2671 1193 sentencie
2726 1152 2818 1192 re·

357 1235 614 1313 cepistis
663 1242 726 1296 et
779 1235 980 1296 eciam
1032 1234 1326 1297 tenuistis
1347 1255 1362 1307 ;
1415 1243 1672 1314 propter
1720 1235 1891 1316 quod
1938 1236 2100 1297 bone
2145 1238 2445 1297 memorie
2493 1237 2533 1297 J
2538 1237 2821 1298 ohannes

356 1340 732 1419 Episcopus,
776 1341 1184 1419 predecessor
1227 1350 1464 1412 noster,
1509 1341 1965 1402 thesaurariam
2012 1341 2295 1403 Ecclesia
2338 1352 2551 1402 nostre
2594 1342 2821 1403 merito

355 1452 656 1524 reputans
685 1466 760 1507 eo
794 1447 932 1525 ipso
965 1447 1042 1507 de
1077 1447 1246 1508 facto
1280 1452 1343 1507 et
1377 1447 1453 1506 de
1492 1446 1629 1525 jure
1659 1458 2011 1520 vacantem,
2043 1467 2185 1508 eam
2220 1448 2474 1508 domino
2504 1448 2823 1507 Willelmo

357 1553 641 1631 predicto
696 1552 963 1614 contulit
1006 1553 1246 1614 intuitu
1303 1554 1622 1625 caritatis;
1685 1571 1800 1614 vos
1851 1560 2083 1625 autem,
2142 1560 2214 1614 ut
2272 1554 2518 1626 dicitur,
2576 1573 2821 1633 posses-

355 1658 594 1719 sionem
640 1658 805 1718 dicte
857 1658 1249 1719 thesaurarie
1303 1660 1555 1728 tenetis,
1600 1664 1664 1719 et
1713 1658 1955 1719 fructus
2008 1678 2226 1720 omnes
2270 1658 2409 1737 ejus
2456 1659 2817 1737 percipitis;

350 1785 608 1846 vosque,
675 1764 926 1825 domine
991 1766 1326 1837 willelme,
1392 1765 1590 1844 ipsius
1653 1764 2041 1825 thesaurarie
2106 1766 2239 1825 solo
2304 1764 2489 1824 stallo
2547 1769 2815 1837 retent0,

353 1872 812 1932 Thesaurarius
855 1871 1008 1932 estis
1053 1870 1499 1931 tantummodo
1541 1870 1897 1931 nominalis
1987 1870 2145 1931 Cum
2188 1872 2401 1950 itaque
2437 1890 2561 1930 non
2599 1870 2820 1930 deceat

355 1996 562 2038 rerum
593 1975 1001 2059 divina[rum]
1047 1995 1184 2037 esse
1219 1976 1432 2035 taliter
1469 1975 1534 2034 in
1569 1975 1828 2047 incert0,
1858 1982 2195 2055 possetque
2223 1975 2405 2035 nobis
2439 1980 2501 2035 et
2537 1974 2823 2036 Ecclesia

353 2091 569 2144 nostre
626 2103 664 2143 a
712 2084 889 2145 vobis
949 2102 1137 2162 super
1194 2081 1534 2142 collacione
1591 2082 1759 2141 dicte
1818 2081 2225 2151 thesaurarie,
2272 2081 2370 2141 vel
2424 2099 2535 2158 per
2592 2080 2819 2141 Sedem

356 2191 876 2251 Cantuariensem
907 2192 1006 2251 vel
1038 2209 1150 2268 per
1192 2189 1418 2249 Sedem
1455 2188 1905 2267 Apostolicam,
1938 2187 2119 2247 facile
2153 2188 2497 2265 periculum
2536 2188 2819 2258 iminere,

353 2296 530 2358 vobis
588 2296 966 2356 mandamus
1021 2295 1208 2376 quod,
1270 2301 1548 2355 tractatu
1610 2294 1857 2355 habito⁴
1892 2294 2059 2353 inter
2112 2312 2223 2353 vos
2280 2292 2580 2370 diligenti,
2640 2291 2820 2352 nobis

355 2401 541 2462 ambo
583 2400 1012 2480 respondeatis
1060 2400 1319 2479 precise,
1365 2419 1476 2459 vos
1532 2399 1807 2479 quidem,
1853 2398 2153 2476 magister
2199 2398 2256 2457 E
2278 2396 2479 2477 [gidi],
2525 2416 2607 2456 an
2650 2396 2824 2457 dicta

355 2509 678 2568 sentencia
719 2526 833 2585 pro
873 2507 1052 2567 vobis
1095 2507 1229 2566 lata
1271 2506 1478 2566 velitis
1517 2524 1655 2566 esse
1693 2504 2011 2575 contenti;
2057 2509 2121 2563 et
2157 2522 2287 2571 vos,
2334 2502 2583 2562 domine
2624 2501 2818 2579 W[il-

352 2614 559 2692 lelme]
584 2661 597 2683 ,
631 2635 710 2673 an
756 2612 1212 2674 thesaurariam
1259 2633 1402 2673 cum
1447 2612 1674 2674 effectu
1715 2617 1928 2672 tenere
1963 2609 2211 2677 velitis;
2259 2628 2341 2669 an
2383 2608 2590 2667 velitis
2632 2607 2818 2667 ambo

351 2738 463 2779 vos
510 2718 737 2777 habere
781 2718 846 2777 in
891 2716 1188 2795 predictis
1232 2716 1394 2776 sicut
1437 2736 1548 2777 vos
1592 2716 1901 2775 hactenus
1945 2713 2291 2784 habuistis;
2352 2717 2414 2772 et
2456 2712 2523 2771 in
2568 2729 2817 2771 summa

355 2826 506 2905 quid
569 2825 646 2885 de
709 2824 878 2885 dicta
943 2823 1336 2885 thesauraria
1400 2823 1604 2883 facere
1667 2820 2057 2900 proponatis,
2115 2828 2187 2879 ut
2243 2824 2452 2879 vestro
2514 2835 2816 2895 responso

353 2930 571 2991 habito
635 2931 792 2991 scire
854 2929 1170 3007 possimus
1233 2927 1383 3008 quid
1447 2947 1636 3005 super
1695 2925 2018 3005 premissis
2080 2943 2260 3003 agere
2322 2923 2683 2993 debeamus,
2751 2925 2815 2981 et

352 3040 621 3118 qualiter
665 3036 983 3116 possimus
1026 3036 1471 3113 indempnitati
1513 3047 1718 3094 vestre
1770 3039 1833 3092 et
1884 3036 2099 3091 nostre
2142 3028 2424 3090 Ecclesie
2468 3028 2812 3107 providere.

353 3146 632 3207 Valeatis
673 3145 736 3203 in
785 3144 1078 3204 Domino.
1167 3144 1410 3202 Datum
1455 3140 1816 3219 Wyntonie,
1863 3138 1969 3218 xiij
2016 3137 2337 3199 Kalendas
2379 3134 2721 3195 Februarii.

356 3478 509 3537 Nov.
550 3480 646 3544 16,
683 3471 1152 3550 1275.-Royal
1197 3471 1486 3531 ‘mandate
1535 3478 1592 3529 to
1645 3470 1743 3531 the
1788 3472 2116 3531 Treasurer
2164 3470 2289 3529 and
2332 3471 2570 3529 Barons
2612 3470 2682 3548 of
2720 3468 2816 3528 the

601 3556 960 3633 Eoechequer
1006 3555 1076 3632 of
1124 3553 1366 3612 Dublz'n
1418 3559 1475 3611 to
1525 3551 1771 3629 inquire
1822 3552 1948 3611 and
2000 3550 2135 3611 take
2183 3550 2390 3610 action
2444 3570 2512 3609 as
2566 3550 2815 3628 rcqards

599 3656 839 3714 wwneys
889 3635 1007 3695 due
1057 3641 1114 3693 to
1166 3632 1262 3693 the
1311 3632 1548 3711 Bishop
1599 3634 1668 3691 in
1715 3632 1986 3691 Ireland.

540 3814 1070 3877 Hirminum—E
1093 3812 1464 3895 [dwardus],
1539 3813 1659 3873 Dei
1727 3813 1955 3892 gracia,
2034 3819 2179 3884 etc„
2257 3812 2677 3872 Thesaurario
2752 3815 2817 3870 et

356 3899 712 3985 Batonibus
769 3921 900 3982 suis
955 3920 1032 3981 de
1093 3920 1417 3981 Scaccario
1473 3918 1773 3978 Dublinie
1828 3919 2120 3979 salutem.
2226 3918 2383 3979 Cum
2434 3918 2689 3997 quidam
2738 3915 2818 3977 de

357 4029 644 4109 partibus
695 4026 999 4088 Hibernis
1049 4030 1386 4085 teneantur
1427 4024 1787 4085 Venerabili
1838 4024 2013 4084 Patri
2062 4024 2320 4096 Thome,
2366 4022 2817 4083 Herefordensi

355 4135 692 4215 Episcop0‚
737 4133 802 4193 in
859 4132 1124 4193 diversis
1181 4130 1430 4203 debitis,
1474 4150 1596 4210 que
1647 4131 1815 4190 idem
1868 4129 2181 4191 debitores
2229 4129 2347 4189 sibi
2390 4129 2629 4189 solvere
2672 4147 2815 4189 con·

359 4242 700 4312 tradicunt,
731 4246 802 4299 ut
844 4239 1222 4317 accepimus,
1252 4236 1429 4299 vobis
1462 4236 1841 4297 mandamus
1876 4236 2041 4316 quod
2077 4235 2391 4297 debitores
2424 4235 2566 4295 illos
2603 4253 2816 4295 coram

356 4348 531 4409 vobis
580 4346 812 4419 venire,
857 4353 920 4407 et
971 4344 1025 4405 si
1066 4344 1244 4406 vobis
1293 4348 1579 4404 constare
1627 4342 1829 4422 possit
1880 4362 1991 4422 per
2039 4342 2355 4421 prefatum
2408 4340 2815 4420 Episcopum,

358 4454 458 4516 vel
527 4457 880 4513 attornatos
949 4469 1096 4511 suos
1164 4450 1230 4509 in
1300 4449 1586 4528 partibus
1655 4448 1801 4518 illis,
1872 4448 2044 4527 ipsos
2112 4447 2326 4509 debita
2392 4447 2502 4508 illa
2569 4445 2819 4520 debere,

358 4580 464 4622 eos
540 4559 619 4620 ad
706 4557 1090 4619 solucionem
1167 4554 1506 4616 eorundem
1586 4553 1877 4633 distringi
1950 4553 2199 4613 faciatis
2275 4561 2459 4633 prout
2530 4552 2607 4613 de
2680 4551 2819 4631 jure

357 4665 545 4727 fuerit
601 4662 978 4724 faciendum.
1079 4662 1266 4722 Teste
1323 4660 1564 4739 meipso
1621 4660 1790 4738 apud
1840 4658 2499 4731 westmonasterium,
2552 4657 2655 4737 xvj
2716 4657 2818 4718 die

358 4770 756 4842 Novembris,
799 4787 966 4828 anno
1020 4766 1196 4847 regni
1254 4766 1451 4827 nostri
1507 4765 1722 4826 tercio.
