3459 5617
608 500 725 560 132
1265 497 1623 577 Reqistrum
1679 496 1900 557 Thome
1953 496 2028 557 de
2085 496 2416 575 Cantibupo

600 723 752 783 dicti
796 723 1117 803 capellani,
1168 723 1432 783 Walteri
1480 720 1590 781 filii
1640 723 1680 782 J
1682 722 1951 782 ohannis
1993 722 2070 781 de
2113 720 2392 799 Linleye‚
2441 724 2506 780 et
2553 719 2818 779 aliorum
2867 718 3078 807 homi:

600 851 753 890 num
789 836 1147 891 nostrorum
1160 849 1175 901 ;
1215 836 1279 891 et
1313 850 1387 891 ea
1419 835 1593 890 extra
1620 833 1903 889 nostram
1935 827 2288 888 libertatem
2324 826 2722 897 abducentes,
2754 825 3076 886 tolnetum

596 936 797 995 eciam
840 936 918 995 ab
960 936 1319 997 hominibus
1361 936 1611 1007 nostris,
1656 935 1944 996 libertate
1986 933 2269 994 Ecclesie
2311 937 2524 994 nostre
2571 952 2700 992 non
2756 931 3076 1003 obstante,

601 1041 668 1100 in
710 1042 841 1102 suis
884 1042 1261 1103 mercatibus
1301 1048 1762 1122 extorquentes,
1807 1042 1872 1100 in
1910 1041 2322 1121 prejudicium
2360 1040 2724 1101 libertatum
2760 1039 2960 1100 nostri
3003 1044 3078 1099 et

600 1146 885 1208 Ecclesie
927 1153 1140 1208 nostre
1174 1152 1238 1207 et
1266 1149 1610 1226 dampnum
1640 1167 1768 1207 non
1811 1146 2127 1207 modicum
2169 1166 2281 1207 seu
2321 1164 2677 1225 gravamen.
2763 1145 3079 1219 Quocirca

601 1253 775 1315 vobis
835 1256 1207 1316 mandamus
1265 1262 1481 1316 tenore
1539 1254 1933 1334 presencium
1992 1253 2258 1314 firmiter
2313 1253 2714 1332 injungentes
2772 1252 3080 1331 quatinus

599 1359 665 1419 in
716 1360 976 1439 singulis
1026 1359 1327 1421 Ecclesiis
1374 1366 1727 1421 vestrorum
1773 1360 2209 1430 decanatuum,
2261 1363 2325 1419 et
2373 1358 2645 1418 maxime
2693 1357 2758 1416 in
2807 1356 3082 1417 ecclesia

601 1465 677 1525 de
721 1466 943 1527 Monte
988 1466 1244 1528 Gomeri
1288 1471 1352 1527 et
1399 1466 1661 1527 ecclesia
1705 1467 1784 1527 de
1828 1465 2315 1545 chyrohestoke,
2363 1464 2579 1525 habita
2623 1464 2702 1524 de
2745 1463 3079 1544 premissis

599 1570 1011 1650 inquisicione
1051 1572 1351 1652 diligenti,
1396 1572 1449 1633 si
1493 1572 1858 1633 inveneritis
1900 1573 1990 1633 ita
2031 1592 2186 1643 esse,
2217 1578 2370 1633 tunc
2397 1571 2677 1651 legitima
2718 1571 3082 1632 monicione

598 1677 921 1755 premissa,
972 1678 1095 1739 nisi
1144 1678 1331 1738 fuerit
1380 1678 1561 1739 nobis
1610 1683 1675 1738 et
1730 1678 2015 1739 Ecclesie
2068 1682 2282 1739 nostre
2339 1677 2416 1738 de
2471 1677 2769 1757 predictis
2821 1676 3082 1756 injuriis

597 1782 761 1843 infra
803 1788 947 1843 octo
988 1783 1121 1845 dies
1163 1784 1575 1855 satisfactum,
1619 1804 1840 1845 omnes
1881 1784 2080 1845 dictos
2131 1789 2622 1863 transgressores
2673 1782 3070 1843 sentenciam

599 1888 855 1967 majoris
896 1889 1565 1950 excommunicacionis
1608 1889 1944 1950 incurrisse
1987 1890 2124 1969 ipso
2167 1890 2334 1950 facto
2383 1890 2630 1969 publice
2672 1894 2736 1949 et
2777 1888 3078 1967 sollemp-

598 1994 765 2054 niter
804 1994 1195 2056 denuncietis
1235 1996 1300 2053 in
1342 2014 1584 2075 genere.
1670 1996 1836 2070 Quid
1877 2002 2090 2056 autem
2146 2016 2334 2075 super
2395 1996 2518 2057 hiis
2573 1996 2846 2057 feceritis
2886 1996 3082 2057 nobis

596 2099 756 2160 citra
804 2100 1035 2161 festum
1092 2101 1276 2161 Beati
1326 2100 1775 2172 Bartholomei,
1827 2101 2130 2181 Apostoli,
2181 2101 2554 2181 ubicunque,
2603 2107 2757 2173 etc.;
2813 2102 3078 2161 interim

596 2213 811 2267 autem
857 2208 934 2267 de
982 2207 1341 2268 nominibus
1381 2213 1914 2287 transgressorum
1955 2207 2203 2287 plenius
2244 2208 2669 2288 inquirentes;
2715 2208 2792 2268 de
2832 2206 3070 2287 quibus

599 2313 798 2373 eciam
861 2334 977 2373 nos
1034 2313 1377 2374 certificare
1436 2313 1667 2374 curetis
1732 2314 1888 2374 citra
1948 2314 2210 2375 Festum
2272 2314 2560 2393 superius
2631 2318 3078 2374 memoratum.

596 2420 894 2481 Valeatis.
1007 2421 1244 2479 Datum
1294 2420 1461 2499 apud
1520 2420 1796 2499 Sugwas,
1855 2419 1937 2500 vij
1997 2420 2152 2481 Idus
2210 2419 2493 2499 Augusti,
2553 2418 3074 2480 Consecracionis

596 2531 812 2587 nostre
854 2546 1021 2585 anno
1064 2526 1356 2586 secundo.

597 2780 753 2859 Auq.
796 2781 1236 2842 5.·—Mami'ate
1286 2789 1343 2842 to
1405 2782 1502 2842 the
1542 2782 1721 2841 Deam
1761 2781 1832 2860 of
1881 2780 2259 2858 Pontesbury
2305 2788 2362 2841 to
2424 2780 2566 2841 hold
2621 2780 2876 2859 inquiry
2935 2780 3072 2841 and

841 2868 1041 2941 report
1084 2861 1182 2922 the
1223 2882 1426 2923 names
1461 2862 1531 2941 of
1567 2861 1730 2922 those
1769 2861 1902 2922 who
1947 2861 2096 2922 have
2131 2861 2352 2924 robbed
2395 2861 2492 2922 the
2530 2861 2718 2921 Prior
2752 2862 2823 2941 of
2855 2861 3075 2922 Δῶρι·-

840 2942 1577 3083 ξὲιέἔωιφιηητιιίηιιῐοῖἒιειίῗπῖἶαροῑ
1611 2943 1682 3022 of
1716 2944 1961 3014 Reum,
2006 2942 2134 3003 and
2176 2950 2233 3003 to
2268 2941 2651 3022 promulqate
2691 2948 2964 3003 sentence
3003 2942 3082 3021 of

762 3178 1034 3238 Dacmo
1084 3196 1170 3238 ns
1227 3178 2137 3239 Pescennian—Mandatum
2195 3182 2293 3239 est
2350 3178 2606 3239 Decano
2662 3178 2738 3238 de
2795 3178 3066 3239 Pontes·

598 3283 758 3363 byry
800 3285 966 3363 quod
1010 3285 1346 3345 denunciet
1394 3286 1461 3344 in
1503 3304 1729 3365 genere
1778 3285 2350 3346 excommunicatos
2392 3304 2612 3345 omnes
2653 3284 2779 3363 qui,
2847 3290 3078 3345 contra

596 3389 1086 3450 immunitatem¹
1130 3390 1413 3451 Ecclesie
1474 3396 1539 3451 et
1597 3389 1950 3451 libertatem
2013 3389 2400 3461 Herefordie,
2462 3389 2947 3469 depredaciones
3008 3396 3082 3450 et

597 3495 923 3575 sacrilegia
974 3496 1423 3557 commiserunt
1474 3497 1541 3555 in
1596 3496 1776 3557 bonis
1829 3496 2063 3556 Prioris
2116 3496 2192 3555 de
2243 3494 2556 3575 Albebury
2598 3502 2663 3555 et
2705 3494 2943 3575 capelle
2985 3495 3072 3556 de

598 3600 890 3661 Betteus²
957 3601 1331 3680 pertinentis
1414 3621 1529 3680 pro
1610 3606 1790 3681 parte
1874 3601 1953 3661 ad
2031 3600 2313 3660 Priorem
2387 3600 2463 3660 de
2533 3599 2899 3678 Chirebury,
2971 3600 3074 3659 in-

598 3706 944 3786 quisicione
1000 3706 1215 3767 habita
1270 3713 1335 3767 et
1388 3706 1667 3786 legitima
1716 3706 2068 3767 monicione
2114 3705 2438 3784 premissa,
2481 3709 2546 3765 et
2595 3704 2762 3784 quod
2810 3705 3082 3765 nomina.

600 3812 1073 3873 malefactorum
1121 3813 1413 3892 inquirat,
1466 3818 1529 3874 et
1578 3831 1768 3891 super
1807 3812 1931 3872 hiis
1973 3831 2090 3872 nos
2131 3810 2474 3871 certificet.⁸
2577 3811 2818 3870 Datum
2861 3810 3077 3872 Nonis

601 3916 885 3996 Augusti.
1009 3917 1175 3978 Item
1246 3917 1613 3977 mandatum
1676 3922 1774 3977 est
1835 3917 2038 3977 eidem
2101 3916 2270 3995 quod
2329 3935 2550 3975 omnes
2611 3915 2814 3976 dictos
2873 3916 3074 3977 male·

600 4022 887 4093 factores,
945 4022 1246 4083 canonica
1308 4022 1660 4109 monicione
1720 4022 2046 4101 premissa,
2111 4021 2608 4082 excommunicet
2671 4022 3078 4082 nominatim.

601 4128 840 4187 Datum
895 4128 960 4186 in
1018 4126 1208 4188 Festo
1258 4126 1732 4207 Assumpcionis
1783 4127 1980 4187 Beate
2029 4126 2323 4206 Virginis,
2373 4133 2437 4188 et
2493 4126 2862 4188 certificabit
2912 4127 3082 4188 citra

602 4232 1018 4293 Nativitatem
1074 4232 1273 4293 Beate
1329 4232 1622 4313 Virginis.

722 4783 850 4823 1—1n
880 4782 979 4823 MS.
1006 4779 1352 4827 emunitatem.
1380 4793 1436 4823 as
1463 4782 1567 4823 also
1592 4781 1757 4824 below.

717 4834 942 4893 2—133etty
967 4843 1010 4891 y
1035 4832 1167 4873 Cwm
1194 4844 1296 4874 was
1330 4830 1379 4873 in
1418 4834 1509 4873 1³³1
1547 4844 1577 4873 a
1610 4830 1910 4880 dependency
1943 4831 1995 4874 of
2031 4834 2116 4874 the
2155 4832 2326 4874 Parish
2367 4832 2557 4874 Church
2591 4830 2642 4873 of
2675 4831 2812 4874 clun.
2881 4829 3090 4881 (Byton.

594 4882 925 4974 stu-0255&
931 4892 995 4973 {¹
1006 4878 1319 4977 cfffiificaret.
