3459 5617
1162 493 1464 575 Episcopi
1516 493 1998 573 Hercfordcmis.
2693 493 2814 557 167

344 716 657 796 Philippo,
728 717 797 777 in
864 717 1142 779 manerio
1211 718 1288 779 de
1358 718 1864 798 Northperetone
1935 737 2049 797 per
2117 717 2450 779 servicium
2517 716 2808 780 militare.

342 822 533 883 Venit
612 822 911 885 dominus
987 823 1261 885 Thomas
1334 824 1566 885 Trenot
1640 829 1705 885 et
1780 822 2097 884 maritavit
2179 823 2474 884 heredem
2541 822 2808 903 predicti

344 928 670 1008 Stephani,
728 930 895 1009 quod
950 930 1345 1009 maritagium
1402 930 1676 991 Domino
1732 929 1888 1009 Regi
1935 929 2227 1008 pertinet,
2278 929 2343 988 in
2390 928 2808 1009 prejudicium

344 1034 571 1115 Begis;
634 1040 699 1095 et
745 1041 1005 1116 propter
1050 1035 1170 1096 hoc
1210 1035 1371 1114 petit
1412 1035 1768 1116 Episcopus
1809 1036 1886 1096 de
1929 1035 2048 1096 hoc
2089 1036 2453 1096 remedium.
2558 1034 2808 1097 Sciatur

342 1140 511 1220 quod
552 1140 781 1201 fratres
820 1140 861 1201 J
862 1160 1091 1221 osepus
1132 1146 1197 1201 et
1238 1140 1560 1212 Ricardus‚
1592 1141 1822 1202 Custos
1864 1141 1942 1201 de
1984 1140 2348 1202 Boclaunde
2381 1140 2446 1201 in
2485 1140 2810 1203 Comitatu

344 1246 746 1317 Somersetie,
828 1252 1123 1307 tenentur
1204 1246 1520 1325 Episcopo
1599 1246 2048 1307 Herefordensi
2121 1246 2190 1305 in
2270 1246 2369 1325 xxj
2445 1246 2619 1308 libris
2692 1266 2809 1326 pro

340 1351 623 1413 manerio
680 1352 759 1413 de
812 1352 873 1412 N
878 1351 1337 1431 orthperetone,
1404 1352 1571 1431 quod
1625 1358 1846 1413 tenent
1898 1373 2012 1433 per
2067 1352 2474 1415 tradicionem
2549 1352 2808 1414 Domini

340 1457 531 1537 Regis
591 1457 675 1518 ad
730 1463 981 1536 tempus
1038 1478 1237 1537 usque
1298 1458 1376 1518 ad
1418 1457 1762 1538 legitimam
1821 1464 2055 1519 etatem
2118 1458 2436 1528 heredum,
2497 1464 2568 1519 ut
2624 1464 2804 1539 patet

338 1584 452 1644 per
512 1564 703 1625 breve
764 1563 953 1644 Regis
1016 1564 1183 1644 quod
1244 1563 1489 1625 habetis
1546 1564 1994 1636 inrotulatum;
2053 1565 2220 1644 quod
2275 1564 2625 1625 manerium
2681 1564 2804 1625 fuit

339 1670 619 1749 Philippi
664 1670 743 1730 de
784 1669 1026 1749 Arleye.
1110 1670 1197 1730 Et
1239 1688 1391 1750 rogo
1434 1671 1601 1751 quod
1644 1670 2006 1750 precipiatis
2049 1670 2204 1731 illud
2248 1669 2434 1732 breve
2477 1670 2654 1750 queri
2697 1690 2814 1751 per

338 1782 603 1846 vestroS,
632 1782 707 1837 ut
751 1778 1097 1837 secundum
1146 1777 1265 1837 hoc
1309 1777 1585 1838 litteram
1630 1796 1835 1837 meam
1879 1776 2118 1856 possim
2163 1776 2392 1837 habere
2438 1797 2581 1837 cum
2627 1776 2806 1839 vobis

342 1882 670 1963 placuerit.

342 2082 1165 2214 Mar.·12,1278.—Royal
1209 2136 1498 2197 mandate
1554 2143 1612 2197 to
1668 2136 1881 2217 Ralph
1935 2136 2008 2197 dc
2065 2137 2399 2198 Sandwioh
2443 2145 2500 2198 to
2546 2137 2688 2198 hold
2728 2158 2816 2200 an.

590 2216 836 2295 inques-t
901 2237 995 2277 res
1040 2217 1239 2295 cctinq
1310 2217 1407 2278 the
1477 2225 1683 2279 tenure
1751 2218 1821 2297 of
1871 2218 2136 2297 Stephcn
2175 2219 2248 2279 dc
2309 2218 2685 2296 Kmtisbury
2741 2221 2816 2281 in

590 2297 796 2358 North
860 2298 974 2358 Pet
1085 2304 1205 2369 ton,
1275 2298 1402 2358 and
1448 2305 1649 2378 rcport
1699 2299 1797 2360 the
1848 2299 2083 2369 results,
2133 2299 2414 2377 ordcrinq
2466 2299 2692 2379 Joseph
2737 2300 2814 2363 dc

594 2378 888 2457 Chauncy
946 2385 1004 2439 to
1058 2398 1290 2458 appear
1342 2378 1415 2439 in
1466 2386 1638 2440 court
1694 2386 1754 2439 to
1799 2399 1987 2458 prove
2044 2378 2140 2439 his
2195 2379 2428 2441 claim.

508 2536 615 2595 Du
690 2535 977 2595 Annsrs.
980 2535 1198 2595 -Rex
1267 2535 1521 2595 domino
1589 2534 1861 2596 Radulfo
1929 2536 2005 2595 de
2078 2535 2428 2614 Sandwyke
2517 2537 2808 2599 salutem.

345 2641 506 2703 Cum
563 2642 921 2703 dederimus
974 2646 1040 2702 et
1094 2640 1587 2702 concesserimus
1641 2640 1996 2701 Venerabili
2057 2641 2232 2701 Patri
2293 2641 2549 2713 Thome,
2608 2643 2808 2705 Here-

346 2747 623 2809 fordensi
694 2747 1030 2828 Episcopo,
1088 2747 1437 2808 custodiam
1505 2752 1813 2807 terrarum
1882 2752 1947 2807 et
2015 2747 2316 2808 heredum
2385 2748 2660 2829 Philippi
2731 2750 2810 2811 de

350 2852 596 2931 Arleye‚
680 2858 836 2923 etc.;
911 2874 985 2913 ac
1057 2853 1224 2913 idem
1305 2852 1658 2931 Episcopus
1741 2852 2009 2913 asseruit
2090 2872 2302 2914 coram
2379 2853 2560 2915 nobis
2637 2854 2806 2935 quod

349 2958 714 3040 Stephanus
775 2959 854 3019 de
912 2957 1296 3029 Oantelbere,
1356 2977 1557 3038 nuper
1603 2957 1956 3029 defunctus,
2020 2958 2098 3018 de
2164 2958 2446 3037 predicto
2514 2959 2811 3040 Philippo

344 3065 553 3127 tenuit
608 3066 676 3124 in
731 3064 937 3145 capite
983 3085 1096 3145 per
1136 3064 1467 3126 servicium
1510 3063 1780 3125 militare
1821 3064 1888 3122 in
1946 3063 2470 3143 Northperetone,
2514 3070 2580 3125 et
2641 3065 2810 3145 quod

344 3171 635 3233 custodia
690 3177 854 3231 terre
916 3175 980 3231 et
1036 3170 1337 3231 heredum
1394 3170 1592 3250 ipsius
1644 3168 1948 3249 Stephani
1997 3170 2077 3229 ad
2135 3169 2344 3250 ipsum
2402 3170 2811 3251 Episcopum,

340 3276 521 3356 juxta
575 3275 841 3337 formam
891 3274 1313 3336 concessionis
1368 3280 1584 3335 nostre
1640 3275 1937 3354 predicte,
1997 3274 2220 3335 debeat
2260 3275 2607 3355 pertinere;
2671 3296 2808 3349 nos,

344 3401 537 3461 super
590 3380 711 3441 hoc
779 3378 1105 3441 cerciorari
1165 3379 1466 3450 volentes,
1530 3379 1707 3441 vobis
1771 3380 2142 3441 mandamus
2205 3380 2372 3459 quod
2430 3400 2545 3459 per
2606 3400 2808 3441 sacra-

343 3492 635 3547 mentum
714 3485 1070 3565 proborum,
1155 3490 1293 3556 etc„
1377 3484 1706 3565 diligenter
1787 3486 2118 3565 inquiratis
2193 3490 2408 3545 utrum
2489 3486 2810 3565 predictus

344 3592 709 3672 Stephanus
775 3592 855 3651 de
920 3590 1164 3671 prefato
1232 3590 1527 3670 Philippo
1595 3591 1801 3652 tenuit
1870 3592 1935 3650 in
2004 3591 2210 3670 capite
2277 3611 2494 3663 necne,
2561 3598 2626 3653 et
2693 3613 2808 3672 per

340 3698 510 3778 quod
558 3695 925 3769 servicium;
982 3702 1048 3758 et
1095 3698 1573 3778 inquisicionem
1615 3698 1804 3769 illam,
1849 3696 2145 3759 distincte
2185 3702 2250 3758 et
2293 3702 2507 3777 aperte
2549 3698 2799 3771 factam,

342 3802 460 3864 sub
502 3802 708 3882 sigillo
750 3808 959 3863 vestro
999 3808 1065 3863 et
1104 3802 1325 3881 sigillis
1366 3822 1581 3863 eorum
1624 3823 1737 3882 per
1776 3822 1934 3882 quos
1975 3802 2142 3863 facta
2181 3802 2370 3864 fuerit
2411 3803 2697 3875 mittatis,
2743 3809 2809 3866 et

341 3908 463 3969 hoc
510 3908 732 3979 breve;
790 3908 881 3968 ita
925 3909 1092 3988 quod
1141 3908 1313 3967 illam
1363 3908 1705 3969 habeamus
1755 3928 1960 3969 coram
2005 3908 2188 3970 nobis
2229 3930 2268 3969 a
2308 3910 2409 3970 die
2451 3910 2693 3971 Pasche
2735 3910 2804 3971 in

340 4034 422 4074 xv
464 4014 619 4084 dies,
664 4012 1037 4094 ubicunque,
1068 4020 1187 4074 etc.
1272 4014 1359 4074 Et
1396 4014 1541 4074 sciri
1582 4013 1828 4075 faciatis
1868 4014 2044 4074 fratri
2086 4014 2126 4075 J
2129 4034 2320 4094 osepo
2362 4015 2439 4075 de
2481 4014 2802 4095 Ghauucy,

342 4120 545 4181 Priori
600 4119 955 4199 Hospitalis
1014 4119 1229 4182 Sancti
1282 4120 1323 4181 J
1326 4120 1593 4182 ohannis
1649 4119 2000 4181 Jerusalem
2054 4120 2122 4179 in
2178 4120 2418 4201 Anglia,
2469 4122 2619 4202 quia
2666 4142 2804 4184 cus·

344 4226 580 4286 todiam
640 4224 813 4286 illam
870 4226 1177 4298 vendicat,
1236 4231 1308 4286 ut
1366 4225 1610 4297 dicitur,
1674 4226 1841 4305 quod
1899 4231 2052 4285 tunc
2114 4226 2198 4287 sit
2267 4227 2370 4297 ibi,
2432 4232 2804 4290 ostensurus

342 4332 493 4412 quid
532 4332 693 4411 juris
740 4330 971 4392 habeat
1014 4330 1079 4390 in
1122 4332 1407 4392 custodia
1453 4330 1750 4410 predicta.
1851 4331 2037 4391 Teste
2080 4331 2320 4411 meipso
2362 4332 2530 4412 apud
2571 4333 2803 4409 Quoni-

345 4442 509 4509 tone,
552 4437 663 4497 xii⁰
702 4436 804 4497 die
847 4436 1088 4509 Marcii,
1132 4457 1297 4498 anno
1338 4438 1513 4517 regni
1553 4437 1754 4497 nostri
1797 4442 1991 4497 sexte.
