3459 5617
667 486 787 547 166
1326 486 1683 566 Reqistrum
1740 486 1960 547 Thome
2015 487 2089 547 de
2147 486 2478 567 Cantilupo

664 710 707 771 J
708 710 977 771 ohannis
1037 710 1388 771 Jerusalem
1449 710 1515 769 in
1574 710 1815 790 Anglia,
1880 716 1945 772 et
2005 710 2183 771 fratri
2245 712 2531 783 Ricardo,
2588 712 2850 773 Custodi
2905 713 3138 775 domus

666 806 1023 888 Hospitalis
1076 807 1341 888 predicti
1417 808 1495 868 de
1560 807 1903 878 Bokeland,
1961 809 2304 870 tenendum
2357 829 2558 890 usque
2639 810 2719 871 ad
2785 810 3138 890 legitimam

670 909 905 965 etatem
960 904 1260 965 heredum
1315 904 1582 985 predicti
1629 904 1907 985 Philippi
1954 925 2069 984 pro
2117 906 2338 986 viginti
2379 911 2444 967 et
2503 926 2632 967 una
2691 906 2886 980 libris,
2948 907 3137 969 nobis

668 1001 1003 1062 reddendis
1072 1002 1152 1061 ad
1224 1000 1617 1062 Scaccarium
1680 1001 2128 1081 supradictum,
2200 1003 2280 1063 ad
2345 1003 2660 1082 prefatum
2741 1004 3136 1084 Episcopum

665 1099 980 1177 pertinere
1050 1098 1235 1159 debet
1296 1098 1546 1160 racione
1608 1099 2032 1160 concessionis
2079 1105 2294 1161 nostre
2346 1100 2663 1179 predicte;
2719 1101 2898 1162 vobis
2955 1122 3133 1161 man-

669 1196 892 1256 damus
961 1196 1128 1275 quod
1197 1196 1512 1275 predictos
1580 1196 1862 1257 Priorem
1933 1202 1998 1257 et
2071 1196 2328 1257 fratrem
2397 1197 2736 1257 Ricardum
2818 1198 3136 1278 predicta-s

663 1292 889 1373 viginti
948 1298 1011 1353 et
1066 1312 1258 1353 unam
1300 1292 1491 1353 libras
1548 1292 1792 1371 prefato
1851 1293 2168 1373 Episcopo
2209 1294 2465 1365 solvere,
2509 1300 2573 1355 et
2629 1294 2689 1355 ei
2744 1295 2892 1355 inde
2930 1315 3136 1376 usque

668 1390 749 1450 ad
791 1390 1133 1469 legitimam
1176 1394 1410 1450 etatem
1451 1390 1754 1451 heredum
1795 1390 2218 1470 predictorum
2260 1391 2586 1453 intendere
2625 1398 2691 1453 et
2733 1393 3131 1472 respondere,

666 1492 731 1549 et
803 1493 1182 1549 memoratos
1253 1487 1533 1549 Priorem
1596 1493 1661 1548 et
1728 1487 1985 1548 fratrem
2055 1488 2411 1559 Ricardum,
2478 1494 2789 1569 quantum
2859 1490 2939 1550 ad
3010 1510 3132 1551 nos

661 1584 955 1665 pertinet,
999 1584 1246 1664 quietos
1294 1584 1440 1645 inde
1488 1604 1643 1655 esse,
1689 1589 1754 1645 et
1802 1584 1892 1645 sic
1934 1584 2068 1645 fieri
2109 1590 2174 1646 et
2215 1584 2527 1646 irrotulari
2569 1585 2831 1647 faciatis.
2943 1586 3133 1649 Teste

668 1683 910 1761 meipso
970 1682 1136 1762 apud
1194 1682 1846 1753 westmonasterium,
1907 1682 1994 1762 iiij
2061 1682 2159 1743 die
2220 1684 2260 1743 J
2262 1682 2414 1754 unii,
2477 1703 2643 1744 anno
2697 1683 2874 1763 regni
2929 1685 3132 1746 nostri

658 1784 854 1841 sexto.

670 1984 824 2063 July
874 1984 1485 2054 7,1277—Fomal
1522 1984 1718 2045 notice
1759 1985 1830 2063 of
1867 1984 1964 2044 the
2003 1991 2184 2063 orant
2224 1986 2296 2065 of
2331 1985 2428 2046 the
2471 1986 2648 2047 lande
2691 1987 2762 2065 os
2793 1986 3018 2078 Philip
3057 1986 3133 2048 de

912 2064 1161 2143 Earley,
1208 2064 1469 2144 toqether
1522 2064 1676 2125 with
1734 2064 1830 2125 the
1876 2064 2221 2145 ward-ships
2279 2066 2406 2126 and
2459 2086 2766 2145 mamaye
2807 2066 3027 2145 riyhts,
3071 2074 3131 2129 to

912 2145 1009 2207 the
1063 2145 1300 2225 Bishop
1354 2166 1435 2207 on
1478 2153 1773 2225 payment
1827 2147 1898 2225 of
1947 2146 2044 2207 the
2087 2146 2216 2224 fine
2271 2148 2342 2226 of
2390 2154 2503 2208 two
2561 2147 2838 2207 hundred
2883 2148 3130 2228 pounds

910 2226 985 2305 by
1026 2226 1338 2305 quartcrly
1378 2226 1784 2287 instalments.

830 2356 933 2415 Du
994 2355 1281 2415 Ausara.
1284 2356 1736 2427 —Edwardus,
1797 2356 1918 2417 Dei
1978 2358 2202 2437 gracia,
2273 2363 2411 2419 etc..
2482 2357 2774 2420 omnibus
2831 2359 2910 2419 ad
2970 2378 3128 2439 quos

666 2459 993 2533 presentes
1062 2452 1268 2514 littere
1336 2453 1752 2533 pervenerint,
1824 2454 2110 2515 salutem.
2224 2454 2452 2517 Sciatis
2518 2457 2685 2535 quod
2752 2476 2867 2535 per
2935 2456 3126 2517 finem

663 2550 1075 2611 ducentarum
1116 2550 1413 2610 librarum
1448 2570 1635 2630 quem
1672 2551 2062 2612 Venerabilis
2096 2552 2286 2613 Pater
2321 2552 2612 2624 Thomas,
2644 2552 3128 2615 Herefordensis

664 2647 1037 2727 Episcopus,
1109 2648 1257 2708 fecit
1314 2647 1679 2719 nobiscum;
1751 2654 1816 2709 et
1875 2650 2040 2710 unde
2096 2649 2296 2710 solvet
2351 2650 2534 2711 nobis
2590 2651 2670 2711 ad
2728 2649 3124 2711 Scaccarium

662 2749 953 2805 nostrum
996 2745 1061 2803 in
1102 2744 1419 2825 quindena
1460 2745 1674 2806 Sancti
1718 2745 2046 2806 Michaelis
2087 2746 2369 2825 proxima
2410 2747 2622 2807 futura
2669 2747 3125 2827 quinquaginta

662 2841 872 2913 librae,
917 2846 981 2902 et
1022 2842 1102 2901 ad
1146 2841 1538 2903 Scaccarium
1580 2848 1870 2903 nostrum
1911 2843 1992 2902 ad
2033 2843 2276 2904 Pascha
2315 2844 2599 2923 proximo
2641 2864 2913 2924 sequens
2946 2846 3124 2924 quin-

659 2938 961 3017 quaginta
1030 2938 1235 3009 libras,
1299 2944 1365 2999 et
1434 2939 1513 2999 ad
1578 2938 1970 3000 Scaccarium
2054 2944 2341 3000 nostrum
2403 2942 2481 3001 ad
2564 2941 2826 3002 Festum
2909 2942 3124 3003 Sancti

666 3035 999 3096 Michaelis
1057 3036 1339 3115 proximo
1394 3055 1663 3115 sequens
1705 3036 2159 3116 quinquaginta
2213 3037 2418 3109 libras,
2463 3044 2528 3099 et
2582 3039 2662 3098 ad
2729 3037 3125 3099 Scaccarium

662 3137 952 3192 nostrum
1003 3132 1083 3192 ad
1129 3132 1374 3193 Pascha
1414 3132 1697 3211 proximo
1747 3153 2014 3212 sequens
2073 3134 2353 3195 residuas
2398 3135 2852 3215 quinquaginta
2899 3135 3122 3207 libras;

662 3230 1085 3290 concessimus
1137 3229 1338 3290 eidem
1382 3230 1697 3309 Episcopo
1740 3232 2089 3291 custodiam
2145 3237 2450 3293 terrarum
2506 3238 2570 3293 et
2617 3238 3122 3294 tenementorum

661 3345 783 3406 que
848 3326 1102 3387 fuerunt
1162 3326 1439 3407 Philippi
1480 3327 1557 3388 de
1616 3328 1857 3407 Arleye,
1916 3328 2215 3401 defuncti,
2256 3330 2364 3409 qui
2407 3330 2484 3390 de
2545 3330 2726 3391 nobis
2788 3331 2996 3391 tenuit
3057 3331 3120 3391 in

662 3423 906 3502 capite,
960 3422 1312 3485 habendam
1354 3430 1419 3484 et
1458 3426 1797 3485 tenendam
1849 3426 2051 3486 eidem
2097 3426 2412 3506 Episcopo
2469 3432 2535 3488 et
2577 3428 2912 3507 assignatis
2969 3428 3118 3500 suia

659 3540 805 3581 cum
848 3521 1364 3582 advocacionibus
1406 3522 1826 3593 ecclesiarum,
1856 3523 2126 3594 dotibus,
2156 3528 2221 3584 et
2255 3523 2392 3585 aliis
2434 3524 2514 3583 ad
2554 3523 2907 3585 custodiam
2949 3526 3121 3586 illam

660 3617 1138 3698 pertinentibus,
1174 3638 1372 3698 usque
1410 3620 1489 3679 ad
1531 3619 1874 3698 legitimam
1911 3626 2146 3681 etatem
2182 3621 2484 3681 heredum
2520 3622 2784 3701 predicti
2821 3622 3117 3702 Philippi,

656 3735 932 3777 unacum
974 3715 1300 3795 maritagio
1341 3716 1680 3777 eorundem
1723 3716 2023 3777 heredum
2051 3718 2186 3778 sine
2223 3718 2772 3798 disparagacione.¹
2821 3719 2902 3778 In
2940 3721 3120 3799 cujus

658 3813 766 3884 rei,
810 3818 928 3873 etc.
1028 3813 1213 3875 Teste
1261 3813 1501 3892 meipso
1544 3813 1709 3892 apud
1769 3814 2175 3894 Wigorniam,
2235 3815 2317 3896 vij
2363 3816 2464 3877 die
2520 3816 2560 3877 J
2563 3816 2692 3887 ulii,
2735 3836 2903 3878 anno
2945 3818 3118 3897 regni

654 3910 857 3971 nostri
897 3908 1133 3989 quinto·

665 4112 790 4172 The
854 4111 1090 4192 Bishop
1151 4111 1486 4191 complains
1533 4112 1667 4173 that
1726 4113 1985 4175 Thomas
2045 4116 2264 4176 Tronot
2315 4116 2424 4176 has
2468 4116 2648 4195 qiven
2694 4116 2766 4176 in
2811 4117 3116 4196 niarriaqe

905 4192 1003 4253 the
1062 4192 1195 4253 heir
1250 4194 1320 4272 of
1355 4194 1501 4272 Step
1506 4193 1621 4254 hen
1659 4194 1735 4255 de
1775 4195 2149 4275 Kentisbury
2075 4216 2168 4275 ry,
2209 4195 2342 4257 who
2387 4196 2524 4257 held
2568 4197 2744 4257 ἶαπᾶε
2787 4198 2855 4256 in
2893 4198 3114 4277 capite,

906 4272 981 4350 by
1036 4273 1316 4351 military
1370 4274 1611 4345 service,
1656 4274 1727 4335 in
1784 4275 1880 4336 the
1920 4296 2136 4337 φησι-ποτ
2175 4277 2247 4355 os
2293 4277 2495 4337 North
2548 4278 2880 4338 Potherton
2924 4278 3118 4339 under

905 4353 1125 4431 Philip
1184 4353 1259 4414 dc
1315 4354 1565 4432 Earley‚
1639 4355 1866 4434 thouyh
1942 4356 2040 4417 the
2093 4357 2398 4435 ‘marriage
2451 4358 2550 4436 riq
2555 4358 2649 4419 hts
2722 4358 3003 4437 belonqed
3058 4366 3116 4419 to

908 4434 1005 4494 the
1065 4436 1281 4495 Grown
1330 4436 1456 4495 and
1514 4436 1637 4495 had
1694 4436 1835 4497 been
1891 4438 2261 4516 transferred
2304 4445 2363 4499 to
2407 4437 2552 4499 him.
2653 4439 2752 4500 Hc
2785 4460 2980 4519 prays
3007 4440 3118 4519 for

894 4514 1151 4593 renaedy.

820 4644 925 4703 Da
984 4642 1271 4706 Annam.
1275 4646 1687 4726 ——Philippus
1744 4649 1822 4709 de
1877 4648 2118 4728 Arleye,
2162 4649 2269 4728 qui
2317 4654 2602 4711 mortuus
2643 4656 2759 4721 est,
2803 4652 3008 4713 tenuit
3047 4652 3112 4711 in

658 4741 863 4821 capite
912 4742 988 4802 de
1044 4742 1232 4822 Rege,
1274 4748 1339 4803 et
1396 4744 1754 4823 Stephanus
1810 4746 1888 4807 de
1937 4746 2388 4826 Kentelesbery
2437 4746 2641 4808 tenuit
2681 4748 2746 4807 in
2789 4749 2996 4828 capite
3034 4749 3111 4810 de

785 4869 985 4909 l—Here
1014 4880 1086 4910 we
1123 4870 1245 4911 have
1284 4871 1367 4912 the
1402 4871 1603 4918 original
1628 4872 1847 4920 meaning
1873 4872 1924 4915 of
1963 4868 2304 4922 “disemum”
2341 4878 2392 4917 to
2416 4874 2522 4922 aive
2547 4874 2595 4915 in
2622 4875 2858 4923 marriage
2883 4880 2936 4918 to
2960 4888 3048 4919 one
3071 4874 3123 4918 of

652 4918 797 4961 lower
822 4918 968 4959 social
994 4922 1173 4961 status.
