<?xml version="1.0" encoding="UTF-8"?>
<!DOCTYPE html PUBLIC "-//W3C//DTD XHTML 1.0 Transitional//EN"
    "http://www.w3.org/TR/xhtml1/DTD/xhtml1-transitional.dtd">
<html xmlns="http://www.w3.org/1999/xhtml" xml:lang="en" lang="en">
 <head>
  <title>
</title>
<meta http-equiv="Content-Type" content="text/html;charset=utf-8" />
  <meta name='ocr-system' content='tesseract 3.04.00' />
  <meta name='ocr-capabilities' content='ocr_page ocr_carea ocr_par ocr_line ocrx_word'/>
</head>
<body>
  <div class='ocr_page' id='page_1' title='image "./canterburyandyo00unkngoog_0386.png"; bbox 0 0 3459 5617; ppageno 0'>
   <div class='ocr_carea' id='block_1_1' title="bbox 1214 524 2858 605">
    <p class='ocr_par' dir='ltr' id='par_1_1' title="bbox 1214 524 2858 605">
     <span class='ocr_line' id='line_1_1' title="bbox 1214 524 2858 605; baseline 0.002 -22"><span class='ocrx_word' id='word_1_1' title='bbox 1214 524 1515 605; x_wconf 77' lang='lat' dir='ltr'><strong><em>Episcopi</em></strong></span> <span class='ocrx_word' id='word_1_2' title='bbox 1568 524 2050 604; x_wconf 74' lang='lat' dir='ltr'>Hercfordensis.</span> <span class='ocrx_word' id='word_1_3' title='bbox 2741 528 2858 587; x_wconf 84' lang='lat'>291</span> 
     </span>
    </p>
   </div>
   <div class='ocr_carea' id='block_1_2' title="bbox 401 746 2864 1993">
    <p class='ocr_par' dir='ltr' id='par_1_2' title="bbox 401 746 2864 1993">
     <span class='ocr_line' id='line_1_2' title="bbox 410 746 2860 829; baseline 0.002 -23"><span class='ocrx_word' id='word_1_4' title='bbox 410 750 635 817; x_wconf 85' lang='lat' dir='ltr'>torum,</span> <span class='ocrx_word' id='word_1_5' title='bbox 684 746 1044 809; x_wconf 72' lang='lat' dir='ltr'>collectores</span> <span class='ocrx_word' id='word_1_6' title='bbox 1099 748 1339 809; x_wconf 89' lang='lat' dir='ltr'>decime</span> <span class='ocrx_word' id='word_1_7' title='bbox 1386 748 1453 808; x_wconf 91' lang='lat' dir='ltr'>in</span> <span class='ocrx_word' id='word_1_8' title='bbox 1500 768 1691 829; x_wconf 89' lang='lat' dir='ltr'>regno</span> <span class='ocrx_word' id='word_1_9' title='bbox 1747 748 1968 829; x_wconf 90' lang='lat' dir='ltr'>Anglie</span> <span class='ocrx_word' id='word_1_10' title='bbox 2037 770 2073 809; x_wconf 89' lang='lat' dir='ltr'>a</span> <span class='ocrx_word' id='word_1_11' title='bbox 2131 750 2288 812; x_wconf 82' lang='lat' dir='ltr'><strong>Sede</strong></span> <span class='ocrx_word' id='word_1_12' title='bbox 2345 749 2704 829; x_wconf 84' lang='lat' dir='ltr'>Apostolica</span> <span class='ocrx_word' id='word_1_13' title='bbox 2758 750 2860 811; x_wconf 90' lang='lat' dir='ltr'>de-</span> 
     </span>
     <span class='ocr_line' id='line_1_3' title="bbox 406 852 2863 934; baseline 0.001 -23"><span class='ocrx_word' id='word_1_14' title='bbox 406 852 629 929; x_wconf 86' lang='lat' dir='ltr'>putati,</span> <span class='ocrx_word' id='word_1_15' title='bbox 706 852 989 913; x_wconf 88' lang='lat' dir='ltr'>discretis</span> <span class='ocrx_word' id='word_1_16' title='bbox 1064 853 1213 915; x_wconf 89' lang='lat' dir='ltr'>viris</span> <span class='ocrx_word' id='word_1_17' title='bbox 1295 853 1729 916; x_wconf 75' lang='lat' dir='ltr'>collectoribus</span> <span class='ocrx_word' id='word_1_18' title='bbox 1798 855 2080 934; x_wconf 85' lang='lat' dir='ltr'>ejusdem</span> <span class='ocrx_word' id='word_1_19' title='bbox 2162 855 2402 916; x_wconf 89' lang='lat' dir='ltr'>decime</span> <span class='ocrx_word' id='word_1_20' title='bbox 2483 855 2550 914; x_wconf 90' lang='lat' dir='ltr'>in</span> <span class='ocrx_word' id='word_1_21' title='bbox 2631 854 2863 917; x_wconf 80' lang='lat' dir='ltr'>diocesi</span> 
     </span>
     <span class='ocr_line' id='line_1_4' title="bbox 407 956 2864 1038; baseline 0.002 -21"><span class='ocrx_word' id='word_1_22' title='bbox 407 956 844 1036; x_wconf 86' lang='lat' dir='ltr'>Wygorniensi</span> <span class='ocrx_word' id='word_1_23' title='bbox 900 959 1252 1038; x_wconf 75' lang='lat' dir='ltr'>specialiter</span> <span class='ocrx_word' id='word_1_24' title='bbox 1298 960 1661 1025; x_wconf 86' lang='lat' dir='ltr'>constitutis</span> <span class='ocrx_word' id='word_1_25' title='bbox 1717 960 2002 1033; x_wconf 89' lang='lat' dir='ltr'>salutem,</span> <span class='ocrx_word' id='word_1_26' title='bbox 2053 965 2170 1021; x_wconf 88' lang='lat' dir='ltr'>etc.</span> <span class='ocrx_word' id='word_1_27' title='bbox 2272 961 2431 1022; x_wconf 87' lang='lat' dir='ltr'>Cum</span> <span class='ocrx_word' id='word_1_28' title='bbox 2473 960 2864 1022; x_wconf 75' lang='lat' dir='ltr'>Venerabilis</span> 
     </span>
     <span class='ocr_line' id='line_1_5' title="bbox 407 1061 2861 1147; baseline 0.003 -28"><span class='ocrx_word' id='word_1_29' title='bbox 407 1061 611 1134; x_wconf 87' lang='lat' dir='ltr'>Pater,</span> <span class='ocrx_word' id='word_1_30' title='bbox 682 1064 993 1125; x_wconf 87' lang='lat' dir='ltr'>Dominus</span> <span class='ocrx_word' id='word_1_31' title='bbox 1066 1064 1356 1136; x_wconf 78' lang='lat' dir='ltr'>Thomas,</span> <span class='ocrx_word' id='word_1_32' title='bbox 1430 1065 1912 1126; x_wconf 81' lang='lat' dir='ltr'>Herefordensis</span> <span class='ocrx_word' id='word_1_33' title='bbox 1994 1066 2364 1147; x_wconf 87' lang='lat' dir='ltr'>Episcopus,</span> <span class='ocrx_word' id='word_1_34' title='bbox 2451 1071 2861 1128; x_wconf 72' lang='lat' dir='ltr'>memoratam</span> 
     </span>
     <span class='ocr_line' id='line_1_6' title="bbox 408 1167 2859 1253; baseline 0.002 -26"><span class='ocrx_word' id='word_1_35' title='bbox 408 1167 714 1229; x_wconf 85' lang='lat' dir='ltr'>decimam</span> <span class='ocrx_word' id='word_1_36' title='bbox 768 1170 845 1230; x_wconf 91' lang='lat' dir='ltr'>de</span> <span class='ocrx_word' id='word_1_37' title='bbox 900 1170 1190 1232; x_wconf 91' lang='lat' dir='ltr'>omnibus</span> <span class='ocrx_word' id='word_1_38' title='bbox 1245 1171 1651 1250; x_wconf 75' lang='lat' dir='ltr'>proventibus</span> <span class='ocrx_word' id='word_1_39' title='bbox 1706 1171 1806 1232; x_wconf 83' lang='lat' dir='ltr'>sui</span> <span class='ocrx_word' id='word_1_40' title='bbox 1863 1171 2300 1251; x_wconf 84' lang='lat' dir='ltr'>Episcopatus,</span> <span class='ocrx_word' id='word_1_41' title='bbox 2361 1172 2737 1253; x_wconf 87' lang='lat' dir='ltr'>ubicumque</span> <span class='ocrx_word' id='word_1_42' title='bbox 2792 1172 2859 1232; x_wconf 94' lang='lat' dir='ltr'>in</span> 
     </span>
     <span class='ocr_line' id='line_1_7' title="bbox 404 1275 2864 1347; baseline 0.002 -14"><span class='ocrx_word' id='word_1_43' title='bbox 404 1293 518 1334; x_wconf 89' lang='lat' dir='ltr'>sua</span> <span class='ocrx_word' id='word_1_44' title='bbox 572 1275 802 1336; x_wconf 84' lang='lat' dir='ltr'>diocesi</span> <span class='ocrx_word' id='word_1_45' title='bbox 850 1276 949 1336; x_wconf 92' lang='lat' dir='ltr'>vel</span> <span class='ocrx_word' id='word_1_46' title='bbox 1004 1276 1207 1337; x_wconf 89' lang='lat' dir='ltr'>aliena</span> <span class='ocrx_word' id='word_1_47' title='bbox 1260 1276 1627 1347; x_wconf 84' lang='lat' dir='ltr'>consistant,</span> <span class='ocrx_word' id='word_1_48' title='bbox 1678 1276 1829 1337; x_wconf 90' lang='lat' dir='ltr'>solis</span> <span class='ocrx_word' id='word_1_49' title='bbox 1887 1276 2320 1339; x_wconf 84' lang='lat' dir='ltr'>collectoribus</span> <span class='ocrx_word' id='word_1_50' title='bbox 2379 1278 2864 1340; x_wconf 78' lang='lat' dir='ltr'>Herefordensis</span> 
     </span>
     <span class='ocr_line' id='line_1_8' title="bbox 406 1380 2860 1453; baseline 0.001 -13"><span class='ocrx_word' id='word_1_51' title='bbox 406 1380 669 1442; x_wconf 90' lang='lat' dir='ltr'>diocesis</span> <span class='ocrx_word' id='word_1_52' title='bbox 703 1381 1007 1443; x_wconf 88' lang='lat' dir='ltr'>hactenus</span> <span class='ocrx_word' id='word_1_53' title='bbox 1041 1382 1433 1443; x_wconf 86' lang='lat' dir='ltr'>consueverit</span> <span class='ocrx_word' id='word_1_54' title='bbox 1466 1382 1723 1453; x_wconf 89' lang='lat' dir='ltr'>solvere,</span> <span class='ocrx_word' id='word_1_55' title='bbox 1753 1402 1869 1442; x_wconf 91' lang='lat' dir='ltr'>nec</span> <span class='ocrx_word' id='word_1_56' title='bbox 1903 1382 1980 1442; x_wconf 91' lang='lat' dir='ltr'>de</span> <span class='ocrx_word' id='word_1_57' title='bbox 2018 1402 2092 1443; x_wconf 90' lang='lat' dir='ltr'>ea</span> <span class='ocrx_word' id='word_1_58' title='bbox 2125 1382 2558 1444; x_wconf 87' lang='lat' dir='ltr'>collectoribus</span> <span class='ocrx_word' id='word_1_59' title='bbox 2596 1383 2860 1444; x_wconf 89' lang='lat' dir='ltr'>aliarum</span> 
     </span>
     <span class='ocr_line' id='line_1_9' title="bbox 405 1485 2859 1567; baseline 0.002 -23"><span class='ocrx_word' id='word_1_60' title='bbox 405 1485 746 1547; x_wconf 88' lang='lat' dir='ltr'>diocesium</span> <span class='ocrx_word' id='word_1_61' title='bbox 806 1488 1199 1567; x_wconf 89' lang='lat' dir='ltr'>respondere,</span> <span class='ocrx_word' id='word_1_62' title='bbox 1249 1488 1425 1549; x_wconf 90' lang='lat' dir='ltr'>vobis</span> <span class='ocrx_word' id='word_1_63' title='bbox 1486 1493 1702 1548; x_wconf 90' lang='lat' dir='ltr'>tenore</span> <span class='ocrx_word' id='word_1_64' title='bbox 1763 1487 2160 1567; x_wconf 89' lang='lat' dir='ltr'>presencium</span> <span class='ocrx_word' id='word_1_65' title='bbox 2221 1488 2578 1549; x_wconf 88' lang='lat' dir='ltr'>inhibemus</span> <span class='ocrx_word' id='word_1_66' title='bbox 2639 1509 2719 1548; x_wconf 93' lang='lat' dir='ltr'>ne</span> <span class='ocrx_word' id='word_1_67' title='bbox 2781 1489 2859 1549; x_wconf 91' lang='lat' dir='ltr'>de</span> 
     </span>
     <span class='ocr_line' id='line_1_10' title="bbox 402 1592 2860 1674; baseline 0.001 -21"><span class='ocrx_word' id='word_1_68' title='bbox 402 1592 807 1671; x_wconf 87' lang='lat' dir='ltr'>proventibus</span> <span class='ocrx_word' id='word_1_69' title='bbox 862 1594 1123 1655; x_wconf 84' lang='lat' dir='ltr'>manerii</span> <span class='ocrx_word' id='word_1_70' title='bbox 1178 1594 1254 1654; x_wconf 89' lang='lat' dir='ltr'>de</span> <span class='ocrx_word' id='word_1_71' title='bbox 1310 1594 1705 1673; x_wconf 86' lang='lat' dir='ltr'>Prestebyry,</span> <span class='ocrx_word' id='word_1_72' title='bbox 1776 1594 1942 1674; x_wconf 87' lang='lat' dir='ltr'>quod</span> <span class='ocrx_word' id='word_1_73' title='bbox 2012 1594 2179 1655; x_wconf 90' lang='lat' dir='ltr'>idem</span> <span class='ocrx_word' id='word_1_74' title='bbox 2248 1595 2600 1674; x_wconf 88' lang='lat' dir='ltr'>Episcopus</span> <span class='ocrx_word' id='word_1_75' title='bbox 2671 1594 2860 1655; x_wconf 89' lang='lat' dir='ltr'>habet</span> 
     </span>
     <span class='ocr_line' id='line_1_11' title="bbox 404 1700 2854 1781; baseline 0.001 -22"><span class='ocrx_word' id='word_1_76' title='bbox 404 1700 471 1759; x_wconf 92' lang='lat' dir='ltr'>in</span> <span class='ocrx_word' id='word_1_77' title='bbox 532 1700 970 1780; x_wconf 84' lang='lat' dir='ltr'>Wygorniensi</span> <span class='ocrx_word' id='word_1_78' title='bbox 1032 1702 1280 1773; x_wconf 86' lang='lat' dir='ltr'>diocesi,</span> <span class='ocrx_word' id='word_1_79' title='bbox 1340 1702 1600 1781; x_wconf 84' lang='lat' dir='ltr'>exigatis</span> <span class='ocrx_word' id='word_1_80' title='bbox 1661 1702 1969 1762; x_wconf 86' lang='lat' dir='ltr'>decimam</span> <span class='ocrx_word' id='word_1_81' title='bbox 2026 1706 2454 1762; x_wconf 89' lang='lat' dir='ltr'>memoratam.</span> <span class='ocrx_word' id='word_1_82' title='bbox 2558 1701 2854 1763; x_wconf 89' lang='lat' dir='ltr'>Valeatis.</span> 
     </span>
     <span class='ocr_line' id='line_1_12' title="bbox 405 1805 2863 1888; baseline 0 -23"><span class='ocrx_word' id='word_1_83' title='bbox 405 1805 641 1865; x_wconf 85' lang='lat' dir='ltr'>Datum</span> <span class='ocrx_word' id='word_1_84' title='bbox 709 1806 1053 1869; x_wconf 89' lang='lat' dir='ltr'>Londoniis</span> <span class='ocrx_word' id='word_1_85' title='bbox 1114 1807 1196 1888; x_wconf 84' lang='lat' dir='ltr'>xij</span> <span class='ocrx_word' id='word_1_86' title='bbox 1264 1807 1578 1869; x_wconf 85' lang='lat' dir='ltr'>Kalendas</span> <span class='ocrx_word' id='word_1_87' title='bbox 1637 1807 1812 1878; x_wconf 90' lang='lat' dir='ltr'>Maii,</span> <span class='ocrx_word' id='word_1_88' title='bbox 1871 1827 2037 1867; x_wconf 92' lang='lat' dir='ltr'>anno</span> <span class='ocrx_word' id='word_1_89' title='bbox 2107 1807 2364 1867; x_wconf 91' lang='lat' dir='ltr'>Domini</span> <span class='ocrx_word' id='word_1_90' title='bbox 2427 1806 2863 1869; x_wconf 77' lang='lat' dir='ltr'>M⁰CO⁰LXX⁰</span> 
     </span>
     <span class='ocr_line' id='line_1_13' title="bbox 401 1912 2536 1993; baseline 0.001 -23"><span class='ocrx_word' id='word_1_91' title='bbox 401 1931 587 1983; x_wconf 92' lang='lat' dir='ltr'>non0,</span> <span class='ocrx_word' id='word_1_92' title='bbox 629 1912 1041 1974; x_wconf 88' lang='lat' dir='ltr'>Pontificatus</span> <span class='ocrx_word' id='word_1_93' title='bbox 1084 1913 1340 1974; x_wconf 88' lang='lat' dir='ltr'>Domini</span> <span class='ocrx_word' id='word_1_94' title='bbox 1381 1913 1441 1972; x_wconf 91' lang='lat' dir='ltr'>N</span> <span class='ocrx_word' id='word_1_95' title='bbox 1446 1912 1671 1973; x_wconf 88' lang='lat' dir='ltr'>icholai</span> <span class='ocrx_word' id='word_1_96' title='bbox 1713 1914 1884 1993; x_wconf 88' lang='lat' dir='ltr'>Pape</span> <span class='ocrx_word' id='word_1_97' title='bbox 1924 1912 1990 1992; x_wconf 85' lang='lat' dir='ltr'>iij</span> <span class='ocrx_word' id='word_1_98' title='bbox 2036 1932 2201 1973; x_wconf 90' lang='lat' dir='ltr'>anno</span> <span class='ocrx_word' id='word_1_99' title='bbox 2245 1912 2536 1973; x_wconf 87' lang='lat' dir='ltr'>secundo.</span> 
     </span>
    </p>
   </div>
   <div class='ocr_carea' id='block_1_3' title="bbox 401 2181 2904 2487">
    <p class='ocr_par' dir='ltr' id='par_1_3' title="bbox 401 2181 2904 2487">
     <span class='ocr_line' id='line_1_14' title="bbox 401 2181 2904 2265; baseline 0.001 -24"><span class='ocrx_word' id='word_1_100' title='bbox 401 2181 547 2263; x_wconf 77' lang='lat' dir='ltr'>Apr.</span> <span class='ocrx_word' id='word_1_101' title='bbox 591 2183 1069 2244; x_wconf 61' lang='lat' dir='ltr'>‚eL—Mandata</span> <span class='ocrx_word' id='word_1_102' title='bbox 1114 2184 1284 2263; x_wconf 85' lang='lat' dir='ltr'>from</span> <span class='ocrx_word' id='word_1_103' title='bbox 1342 2184 1439 2244; x_wconf 78' lang='lat' dir='ltr'>the</span> <span class='ocrx_word' id='word_1_104' title='bbox 1495 2183 1798 2245; x_wconf 72' lang='lat' dir='ltr'>collectors</span> <span class='ocrx_word' id='word_1_105' title='bbox 1857 2182 1927 2262; x_wconf 88' lang='lat' dir='ltr'>of</span> <span class='ocrx_word' id='word_1_106' title='bbox 1979 2182 2076 2242; x_wconf 80' lang='lat' dir='ltr'>the</span> <span class='ocrx_word' id='word_1_107' title='bbox 2135 2181 2330 2243; x_wconf 76' lang='lat' dir='ltr'>Tenth</span> <span class='ocrx_word' id='word_1_108' title='bbox 2370 2185 2480 2262; x_wconf 83' lang='lat' dir='ltr'>for</span> <span class='ocrx_word' id='word_1_109' title='bbox 2536 2182 2632 2243; x_wconf 76' lang='lat' dir='ltr'>the</span> <span class='ocrx_word' id='word_1_110' title='bbox 2687 2181 2854 2261; x_wconf 79' lang='lat' dir='ltr'>Holy</span> <span class='ocrx_word' id='word_1_111' title='bbox 2901 2262 2904 2265; x_wconf 7' lang='grc' dir='ltr'><strong><em>ἦ</em></strong></span> 
     </span>
     <span class='ocr_line' id='line_1_15' title="bbox 640 2262 2859 2342; baseline 0 -19"><span class='ocrx_word' id='word_1_112' title='bbox 640 2264 826 2324; x_wconf 74' lang='lat' dir='ltr'>Laud</span> <span class='ocrx_word' id='word_1_113' title='bbox 884 2271 941 2324; x_wconf 89' lang='lat' dir='ltr'>to</span> <span class='ocrx_word' id='word_1_114' title='bbox 998 2264 1305 2325; x_wconf 76' lang='lat' dir='ltr'>ascertain</span> <span class='ocrx_word' id='word_1_115' title='bbox 1350 2264 1446 2325; x_wconf 77' lang='lat' dir='ltr'>the</span> <span class='ocrx_word' id='word_1_116' title='bbox 1494 2263 1703 2325; x_wconf 80' lang='lat' dir='ltr'>actual</span> <span class='ocrx_word' id='word_1_117' title='bbox 1749 2263 1928 2324; x_wconf 65' lang='lat' dir='ltr'>vabus</span> <span class='ocrx_word' id='word_1_118' title='bbox 1983 2263 2050 2342; x_wconf 88' lang='lat' dir='ltr'>os</span> <span class='ocrx_word' id='word_1_119' title='bbox 2091 2263 2187 2324; x_wconf 77' lang='lat' dir='ltr'>the</span> <span class='ocrx_word' id='word_1_120' title='bbox 2231 2262 2462 2325; x_wconf 80' lang='lat' dir='ltr'>income</span> <span class='ocrx_word' id='word_1_121' title='bbox 2503 2265 2572 2342; x_wconf 88' lang='lat' dir='ltr'>of</span> <span class='ocrx_word' id='word_1_122' title='bbox 2609 2263 2704 2324; x_wconf 73' lang='lat' dir='ltr'>the</span> <span class='ocrx_word' id='word_1_123' title='bbox 2747 2263 2859 2324; x_wconf 71' lang='lat' dir='ltr'>See</span> 
     </span>
     <span class='ocr_line' id='line_1_16' title="bbox 641 2344 2859 2487; baseline 0 -82"><span class='ocrx_word' id='word_1_124' title='bbox 641 2344 1074 2487; x_wconf 43' lang='lat' dir='ltr'>{regnareford</span> <span class='ocrx_word' id='word_1_125' title='bbox 1142 2345 1369 2424; x_wconf 62' lang='lat' dir='ltr'>clurino</span> <span class='ocrx_word' id='word_1_126' title='bbox 1440 2344 1537 2405; x_wconf 77' lang='lat' dir='ltr'>the</span> <span class='ocrx_word' id='word_1_127' title='bbox 1602 2345 1721 2405; x_wconf 75' lang='lat' dir='ltr'>last</span> <span class='ocrx_word' id='word_1_128' title='bbox 1787 2350 1899 2404; x_wconf 88' lang='lat' dir='ltr'>two</span> <span class='ocrx_word' id='word_1_129' title='bbox 1953 2364 2129 2422; x_wconf 78' lang='lat' dir='ltr'>years</span> <span class='ocrx_word' id='word_1_130' title='bbox 2184 2344 2255 2418; x_wconf 78' lang='lat' dir='ltr'>of</span> <span class='ocrx_word' id='word_1_131' title='bbox 2295 2344 2534 2424; x_wconf 75' lang='lat' dir='ltr'>Bishop</span> <span class='ocrx_word' id='word_1_132' title='bbox 2581 2344 2748 2405; x_wconf 78' lang='lat' dir='ltr'>John</span> <span class='ocrx_word' id='word_1_133' title='bbox 2805 2344 2859 2405; x_wconf 75' lang='lat' dir='ltr'>lo</span> 
     </span>
    </p>
   </div>
   <div class='ocr_carea' id='block_1_4' title="bbox 398 2580 2858 3721">
    <p class='ocr_par' dir='ltr' id='par_1_4' title="bbox 398 2580 2858 3721">
     <span class='ocr_line' id='line_1_17' title="bbox 560 2580 2854 2663; baseline 0 -22"><span class='ocrx_word' id='word_1_134' title='bbox 560 2581 864 2661; x_wconf 88' lang='lat' dir='ltr'>Magister</span> <span class='ocrx_word' id='word_1_135' title='bbox 890 2581 1156 2651; x_wconf 87' lang='lat' dir='ltr'>Ardicio,</span> <span class='ocrx_word' id='word_1_136' title='bbox 1186 2583 1584 2645; x_wconf 86' lang='lat' dir='ltr'>Primicerius</span> <span class='ocrx_word' id='word_1_137' title='bbox 1615 2582 2121 2653; x_wconf 87' lang='lat' dir='ltr'>Mediolanensis,</span> <span class='ocrx_word' id='word_1_138' title='bbox 2153 2582 2408 2644; x_wconf 89' lang='lat' dir='ltr'>Domini</span> <span class='ocrx_word' id='word_1_139' title='bbox 2437 2581 2609 2663; x_wconf 90' lang='lat' dir='ltr'>Pape</span> <span class='ocrx_word' id='word_1_140' title='bbox 2638 2580 2854 2661; x_wconf 84' lang='lat' dir='ltr'>Capel-</span> 
     </span>
     <span class='ocr_line' id='line_1_18' title="bbox 398 2686 2856 2768; baseline 0 -22"><span class='ocrx_word' id='word_1_141' title='bbox 398 2686 597 2757; x_wconf 86' lang='lat' dir='ltr'>lanus,</span> <span class='ocrx_word' id='word_1_142' title='bbox 661 2692 725 2748; x_wconf 92' lang='lat' dir='ltr'>et</span> <span class='ocrx_word' id='word_1_143' title='bbox 786 2687 977 2748; x_wconf 84' lang='lat' dir='ltr'>frater</span> <span class='ocrx_word' id='word_1_144' title='bbox 1043 2688 1083 2748; x_wconf 89' lang='lat' dir='ltr'><strong>J</strong></span> <span class='ocrx_word' id='word_1_145' title='bbox 1085 2688 1366 2749; x_wconf 89' lang='lat' dir='ltr'>ohannes</span> <span class='ocrx_word' id='word_1_146' title='bbox 1427 2688 1504 2749; x_wconf 91' lang='lat' dir='ltr'>de</span> <span class='ocrx_word' id='word_1_147' title='bbox 1567 2688 1994 2768; x_wconf 90' lang='lat' dir='ltr'>Derlingtone,</span> <span class='ocrx_word' id='word_1_148' title='bbox 2052 2687 2304 2749; x_wconf 89' lang='lat' dir='ltr'>Ordinis</span> <span class='ocrx_word' id='word_1_149' title='bbox 2366 2687 2856 2759; x_wconf 88' lang='lat' dir='ltr'>Predicatorum,</span> 
     </span>
     <span class='ocr_line' id='line_1_19' title="bbox 400 2793 2858 2875; baseline 0.001 -22"><span class='ocrx_word' id='word_1_150' title='bbox 400 2793 761 2854; x_wconf 89' lang='lat' dir='ltr'>collectores</span> <span class='ocrx_word' id='word_1_151' title='bbox 823 2794 1061 2855; x_wconf 91' lang='lat' dir='ltr'>decime</span> <span class='ocrx_word' id='word_1_152' title='bbox 1122 2794 1308 2855; x_wconf 82' lang='lat' dir='ltr'>¹I&#39;erre</span> <span class='ocrx_word' id='word_1_153' title='bbox 1374 2794 1602 2856; x_wconf 83' lang='lat' dir='ltr'>Sancte</span> <span class='ocrx_word' id='word_1_154' title='bbox 1669 2794 1738 2853; x_wconf 94' lang='lat' dir='ltr'>in</span> <span class='ocrx_word' id='word_1_155' title='bbox 1807 2814 1996 2875; x_wconf 88' lang='lat' dir='ltr'>regno</span> <span class='ocrx_word' id='word_1_156' title='bbox 2059 2793 2296 2874; x_wconf 88' lang='lat' dir='ltr'>Anglie,</span> <span class='ocrx_word' id='word_1_157' title='bbox 2360 2794 2646 2855; x_wconf 89' lang='lat' dir='ltr'>discretis</span> <span class='ocrx_word' id='word_1_158' title='bbox 2704 2793 2858 2855; x_wconf 89' lang='lat' dir='ltr'>viris</span> 
     </span>
     <span class='ocr_line' id='line_1_20' title="bbox 399 2898 2858 2979; baseline 0 -21"><span class='ocrx_word' id='word_1_159' title='bbox 399 2899 715 2979; x_wconf 84' lang='lat' dir='ltr'>magistris</span> <span class='ocrx_word' id='word_1_160' title='bbox 776 2899 1056 2961; x_wconf 88' lang='lat' dir='ltr'>Henrico</span> <span class='ocrx_word' id='word_1_161' title='bbox 1116 2900 1193 2960; x_wconf 91' lang='lat' dir='ltr'>de</span> <span class='ocrx_word' id='word_1_162' title='bbox 1256 2899 1655 2978; x_wconf 86' lang='lat' dir='ltr'>Havekeleye</span> <span class='ocrx_word' id='word_1_163' title='bbox 1716 2904 1780 2960; x_wconf 92' lang='lat' dir='ltr'>et</span> <span class='ocrx_word' id='word_1_164' title='bbox 1839 2900 2007 2959; x_wconf 90' lang='lat' dir='ltr'>Luce</span> <span class='ocrx_word' id='word_1_165' title='bbox 2066 2899 2142 2959; x_wconf 91' lang='lat' dir='ltr'>de</span> <span class='ocrx_word' id='word_1_166' title='bbox 2190 2898 2371 2971; x_wconf 90' lang='lat' dir='ltr'>Bree,</span> <span class='ocrx_word' id='word_1_167' title='bbox 2422 2898 2858 2959; x_wconf 85' lang='lat' dir='ltr'>collectoribus</span> 
     </span>
     <span class='ocr_line' id='line_1_21' title="bbox 399 3004 2852 3086; baseline -0.001 -20"><span class='ocrx_word' id='word_1_168' title='bbox 399 3005 680 3086; x_wconf 83' lang='lat' dir='ltr'>ejusdem</span> <span class='ocrx_word' id='word_1_169' title='bbox 738 3006 977 3067; x_wconf 91' lang='lat' dir='ltr'>decime</span> <span class='ocrx_word' id='word_1_170' title='bbox 1033 3006 1101 3065; x_wconf 92' lang='lat' dir='ltr'>in</span> <span class='ocrx_word' id='word_1_171' title='bbox 1157 3006 1411 3067; x_wconf 89' lang='lat' dir='ltr'>civitate</span> <span class='ocrx_word' id='word_1_172' title='bbox 1468 3011 1533 3067; x_wconf 91' lang='lat' dir='ltr'>et</span> <span class='ocrx_word' id='word_1_173' title='bbox 1591 3004 1823 3066; x_wconf 88' lang='lat' dir='ltr'>diocesi</span> <span class='ocrx_word' id='word_1_174' title='bbox 1882 3004 2348 3077; x_wconf 84' lang='lat' dir='ltr'>Herefordensi,</span> <span class='ocrx_word' id='word_1_175' title='bbox 2397 3005 2684 3077; x_wconf 83' lang='lat' dir='ltr'>salutem,</span> <span class='ocrx_word' id='word_1_176' title='bbox 2734 3009 2852 3065; x_wconf 90' lang='lat' dir='ltr'>etc.</span> 
     </span>
     <span class='ocr_line' id='line_1_22' title="bbox 402 3110 2857 3191; baseline 0 -20"><span class='ocrx_word' id='word_1_177' title='bbox 402 3112 781 3172; x_wconf 90' lang='lat' dir='ltr'>Mandamus</span> <span class='ocrx_word' id='word_1_178' title='bbox 817 3111 993 3172; x_wconf 91' lang='lat' dir='ltr'>vobis</span> <span class='ocrx_word' id='word_1_179' title='bbox 1034 3110 1295 3172; x_wconf 89' lang='lat' dir='ltr'>firmiter</span> <span class='ocrx_word' id='word_1_180' title='bbox 1334 3111 1734 3191; x_wconf 82' lang='lat' dir='ltr'>injungentes</span> <span class='ocrx_word' id='word_1_181' title='bbox 1777 3110 2074 3190; x_wconf 88' lang='lat' dir='ltr'>quatinus</span> <span class='ocrx_word' id='word_1_182' title='bbox 2114 3110 2443 3190; x_wconf 88' lang='lat' dir='ltr'>diligenter</span> <span class='ocrx_word' id='word_1_183' title='bbox 2483 3116 2547 3171; x_wconf 90' lang='lat' dir='ltr'>et</span> <span class='ocrx_word' id='word_1_184' title='bbox 2588 3110 2857 3171; x_wconf 90' lang='lat' dir='ltr'>fideliter</span> 
     </span>
     <span class='ocr_line' id='line_1_23' title="bbox 399 3216 2853 3297; baseline 0 -22"><span class='ocrx_word' id='word_1_185' title='bbox 399 3216 747 3297; x_wconf 86' lang='lat' dir='ltr'>inquiratis,</span> <span class='ocrx_word' id='word_1_186' title='bbox 790 3216 869 3277; x_wconf 89' lang='lat' dir='ltr'>ab</span> <span class='ocrx_word' id='word_1_187' title='bbox 896 3216 1020 3277; x_wconf 91' lang='lat' dir='ltr'>hiis</span> <span class='ocrx_word' id='word_1_188' title='bbox 1062 3216 1168 3296; x_wconf 90' lang='lat' dir='ltr'>qui</span> <span class='ocrx_word' id='word_1_189' title='bbox 1212 3217 1435 3278; x_wconf 87' lang='lat' dir='ltr'>melius</span> <span class='ocrx_word' id='word_1_190' title='bbox 1462 3216 1752 3277; x_wconf 86' lang='lat' dir='ltr'>noverint</span> <span class='ocrx_word' id='word_1_191' title='bbox 1793 3216 2140 3287; x_wconf 89' lang='lat' dir='ltr'>veritatem,</span> <span class='ocrx_word' id='word_1_192' title='bbox 2170 3216 2639 3277; x_wconf 87' lang='lat' dir='ltr'>estimacionem</span> <span class='ocrx_word' id='word_1_193' title='bbox 2685 3236 2853 3277; x_wconf 91' lang='lat' dir='ltr'>com-</span> 
     </span>
     <span class='ocr_line' id='line_1_24' title="bbox 400 3322 2853 3403; baseline -0 -20"><span class='ocrx_word' id='word_1_194' title='bbox 400 3344 655 3384; x_wconf 88' lang='lat' dir='ltr'>munem</span> <span class='ocrx_word' id='word_1_195' title='bbox 714 3324 1056 3384; x_wconf 90' lang='lat' dir='ltr'>secundum</span> <span class='ocrx_word' id='word_1_196' title='bbox 1115 3344 1333 3384; x_wconf 89' lang='lat' dir='ltr'>verum</span> <span class='ocrx_word' id='word_1_197' title='bbox 1394 3323 1669 3385; x_wconf 88' lang='lat' dir='ltr'>valorem</span> <span class='ocrx_word' id='word_1_198' title='bbox 1726 3322 2160 3383; x_wconf 86' lang='lat' dir='ltr'>universorum</span> <span class='ocrx_word' id='word_1_199' title='bbox 2222 3327 2640 3402; x_wconf 89' lang='lat' dir='ltr'>proventuum</span> <span class='ocrx_word' id='word_1_200' title='bbox 2701 3323 2853 3403; x_wconf 89' lang='lat' dir='ltr'>Epi-</span> 
     </span>
     <span class='ocr_line' id='line_1_25' title="bbox 398 3427 2857 3510; baseline -0 -19"><span class='ocrx_word' id='word_1_201' title='bbox 398 3434 693 3510; x_wconf 86' lang='lat' dir='ltr'>scopatus</span> <span class='ocrx_word' id='word_1_202' title='bbox 734 3429 1234 3500; x_wconf 84' lang='lat' dir='ltr'>Herefordensis,</span> <span class='ocrx_word' id='word_1_203' title='bbox 1263 3449 1375 3509; x_wconf 91' lang='lat' dir='ltr'>per</span> <span class='ocrx_word' id='word_1_204' title='bbox 1414 3429 1709 3489; x_wconf 90' lang='lat' dir='ltr'>ultimum</span> <span class='ocrx_word' id='word_1_205' title='bbox 1751 3428 2072 3490; x_wconf 89' lang='lat' dir='ltr'>biennium</span> <span class='ocrx_word' id='word_1_206' title='bbox 2115 3448 2239 3507; x_wconf 92' lang='lat' dir='ltr'>quo</span> <span class='ocrx_word' id='word_1_207' title='bbox 2271 3428 2580 3508; x_wconf 88' lang='lat' dir='ltr'>prestacio</span> <span class='ocrx_word' id='word_1_208' title='bbox 2614 3427 2857 3490; x_wconf 84' lang='lat' dir='ltr'>decime</span> 
     </span>
     <span class='ocr_line' id='line_1_26' title="bbox 399 3533 2851 3615; baseline 0 -20"><span class='ocrx_word' id='word_1_209' title='bbox 399 3536 476 3596; x_wconf 91' lang='lat' dir='ltr'>de</span> <span class='ocrx_word' id='word_1_210' title='bbox 516 3535 921 3615; x_wconf 90' lang='lat' dir='ltr'>proventibus</span> <span class='ocrx_word' id='word_1_211' title='bbox 964 3534 1325 3596; x_wconf 89' lang='lat' dir='ltr'>memoratis</span> <span class='ocrx_word' id='word_1_212' title='bbox 1366 3540 1649 3614; x_wconf 85' lang='lat' dir='ltr'>spectare</span> <span class='ocrx_word' id='word_1_213' title='bbox 1691 3533 1906 3594; x_wconf 90' lang='lat' dir='ltr'>debuit</span> <span class='ocrx_word' id='word_1_214' title='bbox 1947 3533 2026 3593; x_wconf 87' lang='lat' dir='ltr'>ad</span> <span class='ocrx_word' id='word_1_215' title='bbox 2068 3533 2107 3595; x_wconf 91' lang='lat' dir='ltr'><strong>J</strong></span> <span class='ocrx_word' id='word_1_216' title='bbox 2111 3534 2424 3593; x_wconf 85' lang='lat' dir='ltr'>ohannem</span> <span class='ocrx_word' id='word_1_217' title='bbox 2465 3533 2524 3594; x_wconf 90' lang='lat' dir='ltr'>le</span> <span class='ocrx_word' id='word_1_218' title='bbox 2557 3533 2851 3605; x_wconf 88' lang='lat' dir='ltr'>Bretone,</span> 
     </span>
     <span class='ocr_line' id='line_1_27' title="bbox 399 3638 2853 3721; baseline -0.002 -19"><span class='ocrx_word' id='word_1_219' title='bbox 399 3641 715 3721; x_wconf 90' lang='lat' dir='ltr'>quondam</span> <span class='ocrx_word' id='word_1_220' title='bbox 748 3640 1140 3720; x_wconf 86' lang='lat' dir='ltr'>Episcopum</span> <span class='ocrx_word' id='word_1_221' title='bbox 1178 3639 1723 3710; x_wconf 83' lang='lat' dir='ltr'>Herefordensem,</span> <span class='ocrx_word' id='word_1_222' title='bbox 1764 3659 1932 3699; x_wconf 91' lang='lat' dir='ltr'>nunc</span> <span class='ocrx_word' id='word_1_223' title='bbox 1968 3638 2352 3699; x_wconf 78' lang='lat' dir='ltr'>defunctum.</span> <span class='ocrx_word' id='word_1_224' title='bbox 2437 3639 2524 3699; x_wconf 93' lang='lat' dir='ltr'>Et</span> <span class='ocrx_word' id='word_1_225' title='bbox 2557 3639 2723 3718; x_wconf 91' lang='lat' dir='ltr'>quod</span> <span class='ocrx_word' id='word_1_226' title='bbox 2761 3639 2853 3698; x_wconf 89' lang='lat' dir='ltr'>in-</span> 
     </span>
    </p>
   </div>
   <div class='ocr_carea' id='block_1_5' title="bbox 398 3745 2854 3933">
    <p class='ocr_par' dir='ltr' id='par_1_5' title="bbox 398 3745 2854 3933">
     <span class='ocr_line' id='line_1_28' title="bbox 398 3745 2854 3829; baseline -0 -22"><span class='ocrx_word' id='word_1_227' title='bbox 398 3747 777 3829; x_wconf 86' lang='lat' dir='ltr'>quisiveritis</span> <span class='ocrx_word' id='word_1_228' title='bbox 839 3748 1121 3808; x_wconf 90' lang='lat' dir='ltr'>clausum</span> <span class='ocrx_word' id='word_1_229' title='bbox 1183 3746 1364 3808; x_wconf 87' lang='lat' dir='ltr'>nobis</span> <span class='ocrx_word' id='word_1_230' title='bbox 1421 3746 1758 3807; x_wconf 88' lang='lat' dir='ltr'>remittatis</span> <span class='ocrx_word' id='word_1_231' title='bbox 1819 3745 1936 3807; x_wconf 89' lang='lat' dir='ltr'>sub</span> <span class='ocrx_word' id='word_1_232' title='bbox 1995 3746 2220 3807; x_wconf 87' lang='lat' dir='ltr'>vestris</span> <span class='ocrx_word' id='word_1_233' title='bbox 2279 3746 2514 3825; x_wconf 84' lang='lat' dir='ltr'>sigillis.</span> <span class='ocrx_word' id='word_1_234' title='bbox 2615 3747 2854 3806; x_wconf 87' lang='lat' dir='ltr'>Datum</span> 
     </span>
     <span class='ocr_line' id='line_1_29' title="bbox 400 3851 2633 3933; baseline -0.002 -18"><span class='ocrx_word' id='word_1_235' title='bbox 400 3854 742 3915; x_wconf 91' lang='lat' dir='ltr'>Londoniis</span> <span class='ocrx_word' id='word_1_236' title='bbox 782 3854 842 3933; x_wconf 86' lang='lat' dir='ltr'>xj</span> <span class='ocrx_word' id='word_1_237' title='bbox 890 3853 1207 3915; x_wconf 82' lang='lat' dir='ltr'>Kalendas</span> <span class='ocrx_word' id='word_1_238' title='bbox 1248 3852 1421 3923; x_wconf 86' lang='lat' dir='ltr'>Maii,</span> <span class='ocrx_word' id='word_1_239' title='bbox 1466 3872 1631 3913; x_wconf 82' lang='lat' dir='ltr'>anno</span> <span class='ocrx_word' id='word_1_240' title='bbox 1674 3851 1934 3912; x_wconf 92' lang='lat' dir='ltr'>Domini</span> <span class='ocrx_word' id='word_1_241' title='bbox 1976 3851 2409 3913; x_wconf 80' lang='lat' dir='ltr'>M0000LXX⁰</span> <span class='ocrx_word' id='word_1_242' title='bbox 2447 3871 2633 3912; x_wconf 90' lang='lat' dir='ltr'>nono.</span> 
     </span>
    </p>
   </div>
   <div class='ocr_carea' id='block_1_6' title="bbox 396 4120 2861 4445">
    <p class='ocr_par' dir='ltr' id='par_1_6' title="bbox 396 4120 2861 4445">
     <span class='ocr_line' id='line_1_30' title="bbox 396 4120 2852 4215; baseline -0.001 -30"><span class='ocrx_word' id='word_1_243' title='bbox 396 4124 539 4185; x_wconf 78' lang='lat' dir='ltr'>Dec.</span> <span class='ocrx_word' id='word_1_244' title='bbox 584 4128 682 4215; x_wconf 67' lang='lat'>1⁰:</span> <span class='ocrx_word' id='word_1_245' title='bbox 725 4122 1344 4215; x_wconf 64' lang='lat' dir='ltr'>12391.—Admission</span> <span class='ocrx_word' id='word_1_246' title='bbox 1396 4122 1467 4201; x_wconf 88' lang='lat' dir='ltr'>os</span> <span class='ocrx_word' id='word_1_247' title='bbox 1513 4120 1956 4213; x_wconf 76' lang='lat' dir='ltr'>Bartholomew</span> <span class='ocrx_word' id='word_1_248' title='bbox 2011 4122 2081 4201; x_wconf 88' lang='lat' dir='ltr'>os</span> <span class='ocrx_word' id='word_1_249' title='bbox 2131 4121 2493 4192; x_wconf 79' lang='lat' dir='ltr'>Gloucester‚</span> <span class='ocrx_word' id='word_1_250' title='bbox 2535 4122 2696 4212; x_wconf 59' lang='lat' dir='ltr'>after</span> <span class='ocrx_word' id='word_1_251' title='bbox 2734 4121 2852 4182; x_wconf 78' lang='lat' dir='ltr'>duc</span> 
     </span>
     <span class='ocr_line' id='line_1_31' title="bbox 640 4201 2861 4363; baseline -0.001 -18"><span class='ocrx_word' id='word_1_252' title='bbox 640 4224 935 4345; x_wconf 55' lang='lat' dir='ltr'>‘fflssffizz</span> <span class='ocrx_word' id='word_1_253' title='bbox 962 4201 2200 4344; x_wconf 50' lang='lat' dir='ltr'>‘30{sssossffihJssinLsssskmffffiffi’affi</span> <span class='ocrx_word' id='word_1_254' title='bbox 2215 4202 2861 4363; x_wconf 53' lang='lat' dir='ltr'>‘&#39;Zisptiffi‘ssssffizsss.</span> 
     </span>
     <span class='ocr_line' id='line_1_32' title="bbox 641 4362 2017 4445; baseline 0 -21"><span class='ocrx_word' id='word_1_255' title='bbox 641 4365 936 4426; x_wconf 69' lang='lat' dir='ltr'>Mandata</span> <span class='ocrx_word' id='word_1_256' title='bbox 965 4365 1072 4445; x_wconf 85' lang='lat' dir='ltr'>for</span> <span class='ocrx_word' id='word_1_257' title='bbox 1112 4363 1470 4425; x_wconf 74' lang='lat' dir='ltr'>institution</span> <span class='ocrx_word' id='word_1_258' title='bbox 1510 4364 1637 4424; x_wconf 79' lang='lat' dir='ltr'>and</span> <span class='ocrx_word' id='word_1_259' title='bbox 1677 4362 2017 4424; x_wconf 78' lang='lat' dir='ltr'>induction.</span> 
     </span>
    </p>
   </div>
   <div class='ocr_carea' id='block_1_7' title="bbox 394 4517 2857 5019">
    <p class='ocr_par' dir='ltr' id='par_1_7' title="bbox 394 4517 2857 5019">
     <span class='ocr_line' id='line_1_33' title="bbox 559 4517 2857 4598; baseline -0 -18"><span class='ocrx_word' id='word_1_260' title='bbox 559 4522 778 4580; x_wconf 72' lang='lat' dir='ltr'>PARVA</span> <span class='ocrx_word' id='word_1_261' title='bbox 846 4520 1375 4579; x_wconf 43' lang='lat' dir='ltr'>Mariamme-1⁰</span> <span class='ocrx_word' id='word_1_262' title='bbox 1442 4520 1543 4579; x_wconf 91' lang='lat' dir='ltr'>die</span> <span class='ocrx_word' id='word_1_263' title='bbox 1610 4518 1995 4590; x_wconf 90' lang='lat' dir='ltr'>Decembris,</span> <span class='ocrx_word' id='word_1_264' title='bbox 2052 4517 2218 4598; x_wconf 87' lang='lat' dir='ltr'>apud</span> <span class='ocrx_word' id='word_1_265' title='bbox 2286 4517 2632 4590; x_wconf 86' lang='lat' dir='ltr'>Golewelle,</span> <span class='ocrx_word' id='word_1_266' title='bbox 2689 4538 2857 4579; x_wconf 86' lang='lat' dir='ltr'>anno</span> 
     </span>
     <span class='ocr_line' id='line_1_34' title="bbox 397 4622 2855 4705; baseline -0.001 -18"><span class='ocrx_word' id='word_1_267' title='bbox 397 4627 657 4687; x_wconf 92' lang='lat' dir='ltr'>Domini</span> <span class='ocrx_word' id='word_1_268' title='bbox 693 4625 1190 4687; x_wconf 82' lang='lat' dir='ltr'>M⁰GG⁰LXXX⁰</span> <span class='ocrx_word' id='word_1_269' title='bbox 1228 4626 1451 4705; x_wconf 90' lang='lat' dir='ltr'>primo,</span> <span class='ocrx_word' id='word_1_270' title='bbox 1491 4624 1822 4704; x_wconf 87' lang='lat' dir='ltr'>prehabita</span> <span class='ocrx_word' id='word_1_271' title='bbox 1857 4622 2134 4703; x_wconf 84' lang='lat' dir='ltr'>legitima</span> <span class='ocrx_word' id='word_1_272' title='bbox 2170 4622 2582 4702; x_wconf 89' lang='lat' dir='ltr'>inquisicione</span> <span class='ocrx_word' id='word_1_273' title='bbox 2620 4643 2741 4704; x_wconf 90' lang='lat' dir='ltr'>que</span> <span class='ocrx_word' id='word_1_274' title='bbox 2774 4624 2855 4684; x_wconf 85' lang='lat' dir='ltr'>ad</span> 
     </span>
     <span class='ocr_line' id='line_1_35' title="bbox 396 4728 2854 4802; baseline -0 -9"><span class='ocrx_word' id='word_1_275' title='bbox 396 4733 743 4794; x_wconf 90' lang='lat' dir='ltr'>Dominum</span> <span class='ocrx_word' id='word_1_276' title='bbox 812 4736 909 4791; x_wconf 90' lang='lat' dir='ltr'>est</span> <span class='ocrx_word' id='word_1_277' title='bbox 976 4750 1242 4802; x_wconf 89' lang='lat' dir='ltr'>reversa,</span> <span class='ocrx_word' id='word_1_278' title='bbox 1310 4730 1620 4792; x_wconf 84' lang='lat' dir='ltr'>admissus</span> <span class='ocrx_word' id='word_1_279' title='bbox 1688 4730 1810 4790; x_wconf 75' lang='lat' dir='ltr'>fuit</span> <span class='ocrx_word' id='word_1_280' title='bbox 1872 4728 2162 4790; x_wconf 90' lang='lat' dir='ltr'>dominus</span> <span class='ocrx_word' id='word_1_281' title='bbox 2231 4728 2714 4791; x_wconf 87' lang='lat' dir='ltr'>Bartholomeus</span> <span class='ocrx_word' id='word_1_282' title='bbox 2775 4730 2854 4793; x_wconf 89' lang='lat' dir='ltr'>de</span> 
     </span>
     <span class='ocr_line' id='line_1_36' title="bbox 396 4833 2850 4917; baseline -0 -18"><span class='ocrx_word' id='word_1_283' title='bbox 396 4837 808 4908; x_wconf 88' lang='lat' dir='ltr'>Gloucestria,</span> <span class='ocrx_word' id='word_1_284' title='bbox 870 4836 1194 4917; x_wconf 86' lang='lat' dir='ltr'>presbiter,</span> <span class='ocrx_word' id='word_1_285' title='bbox 1258 4835 1337 4895; x_wconf 88' lang='lat' dir='ltr'>ad</span> <span class='ocrx_word' id='word_1_286' title='bbox 1405 4835 1733 4896; x_wconf 90' lang='lat' dir='ltr'>ecclesiam</span> <span class='ocrx_word' id='word_1_287' title='bbox 1796 4836 1873 4895; x_wconf 90' lang='lat' dir='ltr'>de</span> <span class='ocrx_word' id='word_1_288' title='bbox 1933 4835 2136 4895; x_wconf 85' lang='lat' dir='ltr'>Parva</span> <span class='ocrx_word' id='word_1_289' title='bbox 2195 4833 2514 4913; x_wconf 82' lang='lat' dir='ltr'>Marcleya</span> <span class='ocrx_word' id='word_1_290' title='bbox 2574 4835 2654 4895; x_wconf 83' lang='lat' dir='ltr'>ad</span> <span class='ocrx_word' id='word_1_291' title='bbox 2713 4856 2850 4915; x_wconf 91' lang='lat' dir='ltr'>pre-</span> 
     </span>
     <span class='ocr_line' id='line_1_37' title="bbox 394 4940 2850 5019; baseline -0 -14"><span class='ocrx_word' id='word_1_292' title='bbox 394 4943 823 5005; x_wconf 88' lang='lat' dir='ltr'>sentacionem</span> <span class='ocrx_word' id='word_1_293' title='bbox 863 4942 903 5003; x_wconf 89' lang='lat' dir='ltr'><strong>J</strong></span> <span class='ocrx_word' id='word_1_294' title='bbox 905 4942 1174 5004; x_wconf 88' lang='lat' dir='ltr'>ohannis</span> <span class='ocrx_word' id='word_1_295' title='bbox 1235 4942 1313 5002; x_wconf 90' lang='lat' dir='ltr'>de</span> <span class='ocrx_word' id='word_1_296' title='bbox 1356 4940 1582 5011; x_wconf 84' lang='lat' dir='ltr'>Solers,</span> <span class='ocrx_word' id='word_1_297' title='bbox 1624 4940 1664 5001; x_wconf 89' lang='lat' dir='ltr'><strong>J</strong></span> <span class='ocrx_word' id='word_1_298' title='bbox 1666 4940 1934 5002; x_wconf 89' lang='lat' dir='ltr'>ohannis</span> <span class='ocrx_word' id='word_1_299' title='bbox 1975 4941 2053 5001; x_wconf 90' lang='lat' dir='ltr'>de</span> <span class='ocrx_word' id='word_1_300' title='bbox 2101 4940 2433 5019; x_wconf 82' lang='lat' dir='ltr'>Maurdyn,</span> <span class='ocrx_word' id='word_1_301' title='bbox 2476 4944 2542 5002; x_wconf 89' lang='lat' dir='ltr'>et</span> <span class='ocrx_word' id='word_1_302' title='bbox 2582 4940 2850 5005; x_wconf 84' lang='lat' dir='ltr'>Isabelle</span> 
     </span>
    </p>
   </div>
  </div>
 </body>
</html>
