3459 5617
65 2139 79 2151 .
111 2112 188 2151 ⁵2.

1114 500 1416 583 Episcopi
1467 500 1951 582 Herefordensis.
2645 503 2759 563 181

305 746 497 807 quam
553 727 706 788 iacis
761 726 1203 789 executoribus
1246 728 1628 787 testamenti
1685 727 1947 805 predicti
1992 726 2290 806 Episcopi
2331 746 2445 805 pro
2485 725 2769 805 predicto

308 832 517 894 debito
573 852 794 912 pacem
851 832 1080 893 habere
1135 834 1537 912 permittatis,
1581 842 1646 893 et
1695 831 2180 904 districcionem,
2228 833 2281 893 si
2323 852 2513 913 quam
2557 833 2648 892 eis
2690 851 2768 892 ea

308 940 636 1001 occasione
703 939 946 1009 feceris,
1019 939 1155 999 sine
1221 939 1530 1000 dilacione
1599 940 1841 999 relaxes
1904 938 2161 999 eisdem.
2276 934 2464 999 Teste
2524 937 2625 998 W.
2687 938 2765 997 de

309 1044 638 1106 Garletone
693 1045 858 1124 apud
910 1044 1565 1117 westmonasterium,
1619 1044 1703 1123 xij
1764 1044 1864 1105 die
1924 1045 2311 1117 DecembriS,
2370 1063 2540 1105 anno
2594 1044 2768 1123 regni

307 1152 504 1213 nostri
545 1152 767 1230 primo.
853 1152 974 1211 Per
1016 1170 1312 1230 magnum
1357 1152 1632 1212 rotulum
1674 1152 1754 1212 de
1798 1171 1965 1213 anno
2007 1171 2174 1211 xxxv
2210 1152 2401 1230 Regis
2443 1150 2765 1221 Edwardi,

308 1257 506 1337 patris
549 1255 736 1337 RegIs
779 1256 990 1335 hujuS.

311 1526 471 1587 June
512 1528 613 1597 14,
667 1526 1098 1587 1278.—Writ
1156 1534 1214 1587 to
1272 1526 1370 1588 the
1418 1528 1658 1587 Bar-ons
1699 1526 1771 1601 of
1820 1525 1918 1585 the
1967 1524 2347 1604 Exchequer,
2396 1524 2769 1601 instructinq

554 1606 715 1667 them
781 1607 918 1667 that
971 1608 1143 1685 from
1213 1607 1310 1667 the
1378 1614 1514 1667 rent
1586 1614 1644 1667 to
1711 1606 1778 1666 be
1839 1606 1998 1685 paid
2067 1606 2142 1683 by
2217 1605 2314 1666 the
2387 1606 2569 1665 Prior
2638 1605 2765 1665 and

561 1687 826 1748 Warden
905 1689 975 1765 os
1019 1688 1118 1747 the
1165 1688 1573 1766 Hospitallers
1611 1688 1722 1764 for
1770 1687 2289 1766 Northpetherton
2335 1690 2419 1763 (υ.
2485 1692 2660 1763 entry
2702 1686 2775 1761 of

555 1770 716 1829 June
763 1771 833 1844 4)
880 1770 979 1830 287
1029 1774 1157 1829 15³.
1211 1768 1390 1846 ΙΟῂἀ.
1448 1768 1668 1829 should
1710 1767 1779 1829 be
1826 1766 2140 1837 dedicated,
2191 1787 2261 1828 as
2324 1767 2441 1827 due
2494 1773 2552 1827 to
2595 1766 2765 1827 Daca

553 1849 772 1990 ΙΞιῖῃεο,
813 1849 1034 1988 ἧυίἀοω
1076 1851 1145 1928 os
1185 1849 1402 1929 Philip
1451 1849 1523 1909 de
1572 1849 1827 1927 Earley,
1876 1848 2002 1908 and
2058 1848 2157 1909 the
2211 1848 2451 1909 residue
2500 1846 2660 1927 paid
2706 1854 2765 1907 to

557 1937 580 1990 t
695 1929 808 1990 Bis
853 1950 949 2009 op.

473 2085 1247 2146 Nommnmonn.—Rex
1317 2084 1671 2145 Batonibus
1742 2084 1873 2146 suis
1942 2084 2021 2145 de
2088 2084 2415 2145 Scaccario
2473 2083 2769 2145 salutem.

311 2190 470 2251 Cum
539 2209 652 2269 per
717 2190 908 2249 finem
977 2190 1393 2251 ducentarum
1465 2190 1765 2250 librarum
1836 2209 2023 2269 quem
2093 2189 2487 2251 Venerabilis
2557 2189 2769 2261 Pater,

310 2296 606 2367 Thomas,
672 2295 1154 2356 Herefordensis
1214 2295 1586 2374 Episcopus,
1653 2295 1802 2355 fecit
1868 2296 2213 2367 nobiscum,
2274 2294 2773 2355 concesserimus

309 2403 514 2464 eidem
569 2402 886 2480 Episcopo
942 2402 1294 2462 custodiam
1353 2410 1661 2462 terrarum
1712 2407 1772 2462 et
1818 2400 2119 2463 heredum
2164 2400 2438 2480 Philippi
2481 2400 2560 2461 de
2602 2400 2769 2472 Arle,

311 2514 470 2579 etc.;
534 2526 608 2567 ac
663 2504 924 2585 prefatis
981 2506 1180 2565 Priori
1237 2512 1300 2565 et
1360 2505 1627 2565 Ricardo
1685 2504 2163 2576 subtrahantur,
2224 2524 2336 2583 per
2401 2510 2768 2584 preceptum

309 2619 618 2685 nostrum,
681 2612 760 2672 de
814 2612 996 2673 firma
1048 2612 1330 2692 predicta
1388 2611 1476 2690 iiij
1494 2611 1556 2671 li.
1614 2611 1743 2671 ixa
1801 2611 1921 2689 ijd.
1982 2610 2081 2671 ob.
2140 2630 2252 2689 pro
2308 2610 2483 2671 Dace
2538 2610 2767 2689 Royse,

307 2741 429 2802 que
483 2721 602 2781 fuit
658 2739 816 2781 uxor
871 2720 1133 2799 predicti
1190 2718 1482 2797 Philippi,
1530 2738 1606 2778 ex
1659 2728 1841 2797 parte
1905 2738 2051 2789 una,
2104 2726 2167 2778 et
2223 2718 2498 2797 quinque
2558 2735 2770 2777 marce

308 2827 624 2906 assignate
692 2825 895 2887 eidem
973 2825 1180 2904 Royse
1239 2844 1352 2903 pro
1405 2825 1795 2884 incremento
1867 2830 2121 2885 extente
2189 2823 2454 2904 predicti
2505 2822 2770 2884 manerii

307 2952 386 2993 ex
443 2933 685 3003 altera;
744 2932 838 2991 ita
914 2930 1082 3011 quod
1157 2930 1419 3009 predicti
1491 2930 1669 2989 Prior
1738 2935 1802 2990 et
1871 2929 2179 2990 Ricardus
2260 2928 2507 2989 solvant
2591 2927 2773 2988 nobis

308 3038 388 3099 ad
453 3036 849 3099 Scaccarium
915 3036 1263 3115 predictum
1330 3035 1646 3096 residuum
1707 3035 2129 3114 predictarum
2190 3033 2410 3113 viginti
2467 3038 2530 3094 et
2584 3032 2773 3093 unius

307 3144 628 3216 librarum,
702 3141 992 3203 videlicet
1061 3141 1169 3220 xiij
1185 3142 1248 3202 li.
1310 3140 1398 3220 iiij
1415 3161 1465 3202 s.
1538 3140 1705 3219 iijd.¹
1760 3140 2062 3211 obolum;
2141 3140 2321 3201 vobis
2396 3139 2789 3219 mandamus⁴

307 3248 476 3331 quod
521 3248 840 3328 predictos
889 3247 1171 3307 Priorem
1223 3254 1286 3307 et
1337 3246 1676 3329 Ricardum
1727 3246 2041 3325 predictas
2086 3244 2193 3325 xiij
2210 3246 2273 3306 li.
2319 3245 2408 3324 iiij
2425 3265 2474 3305 s.
2521 3253 2584 3305 et
2628 3244 2692 3323 iij
2710 3244 2773 3303 d.

307 3354 558 3416 obolum
614 3352 858 3432 prefato
914 3352 1233 3431 Episcopo
1287 3352 1546 3437 solyere.
1607 3357 1670 3411 et
1727 3351 1786 3411 ei
1840 3351 1985 3411 inde
2034 3369 2233 3430 usque
2292 3351 2371 3411 ad
2429 3349 2773 3429 legitimam

307 3469 543 3521 etatem
598 3460 900 3520 heredum
958 3458 1380 3537 predictorum
1439 3458 1765 3518 intendere
1820 3463 1882 3517 et
1936 3456 2333 3535 respondere,
2395 3461 2459 3516 et
2519 3454 2773 3515 eosdem

306 3568 587 3626 Priorem
637 3573 701 3625 et
752 3564 1094 3624 Ricardum
1143 3563 1288 3623 iude
1344 3564 1590 3643 quietos
1647 3581 1827 3633 esse;
1889 3568 1951 3623 et
2007 3562 2341 3642 quicquam
2402 3560 2479 3621 de
2528 3559 2776 3639 prefata

304 3672 489 3732 firma
546 3671 626 3732 ad
681 3689 840 3749 opus
897 3676 1184 3730 nostrum
1245 3690 1284 3729 a
1337 3668 1600 3748 prefatis
1652 3668 1866 3729 Priore
1924 3676 1987 3727 et
2044 3667 2339 3741 Ricardo,
2398 3686 2437 3728 a
2492 3674 2775 3745 tempore

307 3774 731 3837 concessionis
782 3787 997 3835 nostre
1039 3774 1282 3853 prefato
1335 3772 1648 3851 Episcopo
1689 3771 1872 3845 facte,
1918 3772 2296 3851 receperitis,
2343 3771 2545 3833 eidem
2588 3772 2775 3849 Epis·

307 3902 466 3962 copo
521 3882 587 3942 in
642 3880 924 3961 predicto
980 3880 1105 3940 fine
1162 3879 1436 3951 allocari,
1511 3887 1574 3940 et
1638 3879 1727 3939 sic
1785 3880 1919 3938 fieri
1983 3886 2047 3939 et
2109 3878 2437 3939 inrotulari
2505 3876 2776 3939 faciatis.

307 3989 498 4050 Teste
553 3987 791 4065 meipso
844 3986 1011 4065 apud
1075 3986 1733 4056 westmonasterium,
1788 3985 1914 4063 xiiij
1975 3984 2076 4045 die
2132 3984 2327 4057 Junii,
2387 4003 2555 4045 anno
2602 3984 2778 4061 regni

309 4093 508 4154 nostri
549 4098 750 4153 sexto·

315 4382 478 4442 June
537 4378 1019 4441 17.—Mandate
1085 4384 1143 4438 to
1221 4376 1514 4449 Richard,
1581 4378 1848 4438 Warden
1900 4378 1970 4453 os
2020 4376 2117 4437 the
2202 4374 2493 4455 Hospita!
2540 4374 2611 4454 of
2682 4376 2772 4435 St.

558 4460 726 4521 John
765 4458 835 4538 of
876 4458 1222 4520 Jerusalem
1274 4466 1342 4518 at
1390 4457 1736 4529 Bucklaml,
1783 4458 2081 4535 directim
2128 4463 2425 4536 payment
2471 4476 2541 4517 ae
2592 4456 2779 4517 above

561 4550 620 4602 ιο
665 4540 762 4600 me
803 4539 1059 4618 Bishop.

481 4695 1486 4767 Nonrrnnmronn.—Edwardus,
1534 4702 1678 4765 etc..
1724 4694 1902 4755 fratri
1944 4694 2235 4766 Ricardo,
2308 4692 2569 4754 Custodi
2615 4692 2780 4753 Hos-

318 4804 530 4885 pitalis
596 4802 814 4864 Sancti
874 4801 915 4861 J
918 4800 1190 4862 ohannis
1252 4800 1600 4861 Jerusalem
1666 4800 1744 4860 de
1806 4799 2159 4870 Boklande,
2224 4798 2515 4858 salutem.
2621 4796 2784 4858 Cum

470 4937 654 4981 l—Thls
679 4935 850 4979 should
877 4936 934 4979 be
961 4934 1029 4978 id.
1081 4936 1180 4977 The
1203 4946 1312 4977 sum
1339 4934 1381 4977 is
1407 4933 1569 4977 stated
1595 4934 1772 4983 rightly
1798 4934 1845 4976 in
1871 4935 1955 4977 the
1980 4934 2118 4976 close
2145 4933 2290 4980 Rolls,
2316 4932 2429 4980 July
2453 4934 2493 4979 4.
2524 4934 2636 4974 1278.
