3459 5617
1165 480 1463 559 Episcopi
1517 481 1589 540 H
1585 481 1919 560 ereforden-s
1928 480 1997 541 233.
2730 486 2808 545 65

344 703 872 765 benediccionem.
987 704 1382 765 Constitutus
1466 706 1530 764 in
1605 704 1931 783 presencia
2015 712 2229 765 nostra
2299 706 2563 767 dilectus
2648 708 2812 768 filius

342 808 674 870 Johannes
705 808 947 881 Abbad,
979 810 1241 870 clericus
1286 815 1391 870 tue
1434 809 1716 883 diocesia,
1750 810 1931 871 nobis
1979 810 2300 871 humiliter
2343 812 2712 890 supplicavit
2740 820 2811 873 ut

357 935 498 976 cum
553 936 631 976 eo
683 935 876 996 super
923 916 1168 977 defectu
1217 917 1544 987 natalium,
1577 936 1762 997 quem
1812 917 2054 996 patitur
2098 916 2174 976 de
2216 917 2422 977 soluto
2467 918 2711 995 genitus
2753 923 2816 977 et

347 1022 576 1093 soluta,
611 1022 978 1102 dispensare
1005 1022 1488 1083 misericorditer
1515 1042 1899 1083 curaremus.
1990 1023 2083 1083 Ad
2114 1029 2176 1083 te
2204 1024 2393 1102 igitur
2422 1025 2814 1085 remittentes

348 1128 642 1200 eundem,
677 1127 1059 1188 fraternitati
1110 1136 1214 1188 tue
1259 1147 1370 1205 per
1419 1127 1765 1206 apostolica
1814 1129 2047 1207 scripta
2088 1128 2465 1189 mandamus
2493 1130 2812 1208 quatinus,

349 1233 770 1296 consideratis
813 1233 1142 1313 diligenter
1184 1233 1683 1294 circumstanciis
1725 1234 2035 1296 universis
2077 1254 2197 1314 que
2226 1234 2392 1295 circa
2434 1236 2812 1313 ydoneyeta-

340 1346 466 1400 tem
509 1340 752 1400 fuerint
790 1338 1194 1409 attendende,
1241 1339 1294 1399 si
1322 1347 1584 1417 paterne
1613 1359 1739 1399 non
1770 1348 1866 1399 est
1898 1340 2353 1401 incontinencie
2384 1340 2681 1411 imitator,
2714 1348 2811 1401 set

347 1445 508 1506 bone
585 1444 1085 1505 conversacionis
1143 1452 1204 1504 et
1261 1444 1406 1515 vite,
1467 1464 1653 1524 super
1701 1445 1927 1524 quibus
1983 1454 2157 1505 tuam
2228 1447 2615 1506 intendimus
2669 1466 2812 1507 con-

351 1551 693 1612 scienciam
725 1570 1006 1622 onerare,
1039 1551 1317 1629 aliasque
1347 1550 1463 1610 sibi
1493 1552 1721 1612 merita
1750 1552 2173 1630 suffragantur
2201 1552 2282 1613 ad
2325 1553 2817 1632 dispensacionis

345 1659 624 1736 graciam
656 1657 1084 1735 optinendam,
1110 1657 1296 1736 quod,
1327 1656 1688 1736 hujusmodi
1717 1677 1845 1717 non
1875 1657 2166 1718 obstante
2195 1659 2461 1730 deiectu,
2488 1659 2568 1719 ad
2595 1679 2815 1720 omnes

348 1764 602 1824 ordines
658 1762 1032 1843 promoveri,
1090 1768 1153 1823 et
1208 1763 1701 1824 ecclesiasticum
1760 1763 2149 1835 beneficium,
2209 1765 2404 1825 eciam
2474 1764 2527 1825 si
2597 1785 2812 1826 curam

350 1869 582 1930 habeat
623 1869 1000 1941 animarum,
1037 1868 1319 1929 obtinere
1348 1866 1576 1939 valeat,
1608 1888 1842 1939 secum,
1872 1876 2205 1949 postquam
2243 1890 2354 1949 per
2392 1870 2710 1931 biennium
2748 1872 2815 1931 in

351 1975 704 2055 gramatice.
756 1973 1085 2049 studuerit,
1136 1974 1512 2033 auctoritate
1561 1980 1779 2033 nostra
1832 1973 2180 2052 dispenses,
2231 1981 2415 2054 prout
2469 1975 2814 2037 secundum

351 2080 555 2141 Deum
617 2082 829 2141 anime
887 2098 996 2140 sue
1053 2080 1243 2139 saluti
1299 2079 1526 2139 videris
1577 2078 1888 2157 expedire.
2004 2080 2106 2141 Ita
2149 2086 2388 2153 tamen,
2436 2082 2600 2161 quod
2646 2082 2812 2143 idem

351 2187 613 2249 clericus
643 2188 726 2248 ad
762 2187 1030 2259 ordines,
1063 2187 1226 2247 sicut
1268 2186 1540 2266 requiret
1583 2205 1743 2247 onus
1785 2186 2070 2247 beneficii
2112 2190 2277 2267 quod
2321 2209 2463 2250 eum
2505 2196 2649 2269 post
2690 2191 2813 2252 dis-

352 2294 796 2373 pensacionem
827 2293 1187 2372 hujusmodi
1215 2292 1495 2353 obtinere
1530 2292 1880 2371 contigerit,
1914 2313 1981 2354 se
2010 2293 2201 2354 faciat
2230 2295 2485 2355 statutis
2522 2298 2813 2375 tempori·

349 2400 461 2461 bus
489 2398 865 2478 promoveri,
892 2404 954 2458 et
982 2397 1393 2477 personaliter
1421 2398 1693 2457 resideat
1721 2398 1789 2457 in
1818 2398 2056 2459 eodem.
2131 2399 2422 2479 Alioquin
2451 2400 2815 2478 hujusmodi

353 2506 562 2584 gracia
592 2505 798 2584 quoad
829 2504 1202 2565 beneficium
1241 2504 1446 2583 ipsum
1481 2504 1715 2565 nullius
1744 2505 1997 2582 penitus
2040 2505 2122 2565 sit
2162 2507 2485 2565 momenti.
2575 2506 2813 2567 Datum

355 2612 664 2691 Lugduni,
697 2611 917 2673 Idibus
957 2611 1133 2683 Maii,
1163 2611 1568 2691 pontificatus
1613 2612 1813 2673 nostri
1842 2631 2009 2672 anno
2046 2613 2257 2673 tercio,
2344 2613 2431 2673 Et
2461 2613 2813 2674 notandum

356 2719 518 2799 quod
565 2720 632 2779 in
683 2719 887 2779 forma
926 2724 1262 2798 prenotata
1299 2718 1733 2798 dispensatum
1778 2724 1872 2779 est
1914 2739 2058 2779 cum
2101 2719 2342 2791 eodem,
2379 2719 2445 2799 iij
2494 2720 2815 2781 Kalendas

353 2826 603 2904 Aprilis,
679 2845 848 2885 anno
918 2826 1173 2885 Domini
1253 2824 1714 2887 M0CC0LXX0
1784 2825 2071 2903 sept-imo,
2142 2825 2545 2904 pontificatus
2613 2826 2813 2887 nostri

347 2949 512 2993 anno
553 2931 852 2992 secundo.

347 3264 498 3323 Nov.
544 3266 602 3331 3,
647 3261 1080 3322 1275.—Wr2't
1124 3268 1181 3321 to
1226 3260 1323 3320 the
1373 3259 1610 3337 Sherzff
1657 3261 1726 3339 of
1774 3260 2147 3338 Derbyshirc
2204 3267 2261 3319 to
2317 3260 2494 3321 order
2552 3260 2811 3320 Thomas

591 3344 666 3403 dc
739 3342 1066 3402 Chaworth
1139 3348 1196 3402 to
1269 3341 1434 3401 hand
1503 3361 1640 3400 over
1704 3347 1762 3400 to
1834 3340 1929 3400 the
1998 3341 2235 3419 Bishop
2302 3361 2371 3401 as
2445 3340 2540 3400 his
2608 3341 2810 3401 wards

593 3424 880 3501 Marqery
937 3423 1062 3483 ancl
1118 3422 1430 3493 Dionisia,
1475 3420 1804 3499 dauqhters
1847 3422 1973 3481 and
2018 3422 2299 3489 heiresses
2343 3422 2413 3500 os
2460 3422 2709 3500 Ranulf
2759 3422 2811 3481 lc

593 3506 767 3575 Poer,
823 3504 954 3563 who
1029 3503 1165 3563 held
1237 3503 1413 3563 lamis
1483 3504 1553 3581 of
1616 3502 1712 3561 the
1783 3502 2039 3581 Bishop,
2110 3502 2235 3561 and
2306 3502 2375 3560 in
2442 3502 2679 3580 clefault
2747 3504 2819 3581 of

591 3584 904 3645 obedience
947 3592 1003 3644 to
1046 3604 1324 3644 summo‘n
1381 3584 1510 3642 him
1560 3583 1753 3661 before
1796 3583 1893 3643 the
1936 3583 2199 3643 Justices
2243 3590 2308 3641 at
2358 3582 2787 3643 Wcst‘mi‘nstcr.

507 3768 712 3828 Breve
745 3766 1000 3827 Domini
1022 3766 1230 3844 Regis,
1254 3784 1365 3843 per
1386 3764 1552 3844 quod
1575 3764 1935 3843 Episcopus
1958 3763 2437 3825 Herefordensis
2458 3764 2811 3843 implacitat

97 3898 170 3938 501.
193 3902 274 3942 211».
349 3877 659 3937 'rhomam
705 3875 783 3936 de
826 3874 1200 3937 Ohawrthes
1242 3872 1320 3933 de
1362 3872 1648 3933 custodia
1695 3872 1967 3932 filiarum
2017 3879 2079 3932 et
2120 3871 2420 3932 heredum
2463 3872 2713 3932 Ranulfi
2751 3873 2811 3933 le

345 3984 520 4046 Poer.

505 4140 1054 4200 DERBE1A.—Rex
1085 4138 1454 4198 Vicecomiti
1484 4137 1771 4208 Derbeie,
1802 4137 2091 4197 salutem.
2177 4136 2434 4215 Precipe
2462 4138 2701 4197 Thome
2728 4138 2809 4198 de

353 4245 726 4308 Ghawrthes
781 4245 948 4325 quod
1000 4244 1166 4323 juste
1222 4248 1285 4304 et
1342 4244 1478 4303 sine
1531 4242 1838 4303 dilacione
1893 4241 2115 4302 reddat
2176 4242 2436 4315 Thome,
2494 4243 2810 4322 Episcopo

355 4351 823 4423 Herefordensi,
874 4350 1250 4429 Margeriam
1298 4354 1362 4410 et
1409 4349 1780 4420 Dionisiam‚
1828 4347 1987 4408 filias
2032 4355 2095 4409 et
2144 4347 2406 4409 heredes
2455 4349 2708 4409 Ranulfi
2750 4350 2810 4410 le

353 4461 532 4530 Poer,
565 4476 832 4538 quarum
865 4456 1153 4517 custodia
1181 4454 1258 4515 ad
1288 4456 1492 4535 ipsum
1523 4454 1817 4533 pertinet,
1848 4474 1923 4514 eo
1960 4453 2123 4533 quod
2154 4454 2473 4533 predictus
2500 4455 2813 4517 Ranulfus

356 4574 586 4625 terram
640 4583 817 4624 suam
875 4562 1076 4622 tenuit
1124 4561 1201 4622 de
1258 4561 1574 4633 Johanne,
1632 4561 2070 4639 predecessore
2128 4580 2261 4632 su0‚
2319 4582 2432 4641 per
2480 4562 2809 4624 servicium

352 4671 640 4740 militare,
671 4676 742 4729 ut
785 4668 952 4729 dicit.
1039 4668 1126 4727 Et
1170 4667 1291 4727 nisi
1333 4666 1564 4739 fecerit,
1595 4668 1744 4746 quia
1784 4665 2066 4746 prefatus
2108 4666 2461 4746 Episcopus
2502 4668 2649 4728 fecit
2694 4688 2809 4730 nos

358 4794 604 4837 securos
655 4774 733 4834 de
789 4774 1030 4835 clameo
1086 4793 1200 4834 suo
1253 4773 1686 4853 prosequendo
1734 4792 1845 4852 per
1896 4772 2208 4851 Bogerum
2259 4772 2336 4833 de
2384 4774 2704 4835 Evesham
2748 4781 2809 4836 et

359 4882 712 4943 Johannem
766 4879 844 4941 de
903 4880 1249 4942 Saresbiria
1295 4880 1373 4940 de
1430 4880 1751 4941 Comitatu
1800 4878 2190 4951 Herefordie‚
2242 4900 2645 4943 summoneas
2698 4902 2811 4962 per
