3459 5617
598 490 678 550 52
1260 486 1616 566 Reqistrum
1672 487 1894 547 Thome
1948 486 2020 547 de
2080 485 2411 565 Gantilupo

599 713 1255 785 Westmonasterium,
1289 713 1492 774 Nonis
1536 713 1712 783 Maii,
1744 732 1910 773 anno
1940 712 2198 773 Domini
2236 710 2696 773 M⁰GG⁰LXX⁰
2726 716 2923 783 sexto,
2954 732 3071 791 pro

599 819 956 880 elemosinis
996 819 1276 880 fidelium
1320 821 1385 878 in
1439 817 1886 879 Herefordensi
1948 817 2181 878 diocesi
2230 817 2616 897 colligendis,
2670 823 2733 877 et
2796 818 3069 878 fideliter

599 925 954 1003 repromisit
1009 924 1175 1005 quod
1230 925 1434 985 dictas
1487 924 1865 984 elemosinas
1928 923 2177 1001 colliget
2240 928 2303 983 et
2365 924 2855 984 convocaciones
2918 941 3071 985 suas

600 1032 810 1103 faciet,
857 1032 1032 1092 salvo
1061 1033 1125 1091 in
1167 1031 1460 1091 omnibus
1514 1029 1844 1090 commodo
1902 1030 2279 1100 animarum,
2337 1030 2454 1089 sub
2510 1047 2675 1107 pena
2720 1028 3067 1089 ablacionis

600 1138 881 1197 omnium
940 1136 1244 1198 bonorum
1301 1156 1422 1217 que
1478 1136 1545 1196 in
1600 1135 1773 1196 dicta
1828 1134 2080 1206 diocesi,
2138 1135 2477 1195 elemosine
2531 1134 2806 1207 nomine,
2856 1135 3069 1213 ipsum

599 1244 923 1322 continget
979 1244 1320 1322 acquirere.

599 1539 868 1599 Another
895 1559 1043 1618 copy
1073 1539 1142 1618 os
1179 1538 1274 1598 the
1301 1537 1445 1599 writ
1472 1538 1542 1618 of
1580 1538 1706 1599 Oct.
1738 1543 1835 1609 25,
1866 1541 2045 1609 1275,
2068 1538 2322 1618 printed
2350 1538 2548 1599 above.

764 1695 965 1756 Breve
995 1694 1252 1755 Domini
1279 1695 1468 1774 Regis
1498 1715 1607 1773 per
1633 1695 1799 1775 quod
1823 1694 2177 1773 Episcopus
2201 1694 2683 1757 Herefordensis
2704 1695 3062 1773 implacitat

600 1802 912 1863 Comitem
956 1801 1348 1862 Gloucestrie
1391 1801 1468 1861 de
1514 1801 1749 1861 Chacia
1800 1801 2165 1863 Malvernie.

606 2093 729 2153 The
757 2093 1042 2171 Bishop's
1071 2093 1352 2154 Proctors
1395 2092 1465 2151 in
1508 2092 1606 2152 the
1633 2092 1763 2152 suit
1803 2093 2049 2171 aqainst
2094 2094 2189 2154 the
2232 2095 2393 2154 Earl
2420 2096 2490 2174 of
2528 2095 2876 2157 Gloucester
2914 2116 3067 2157 were

841 2174 1068 2233 Robert
1095 2174 1167 2233 de
1200 2174 1485 2250 Kemseye
1516 2173 1643 2234 and
1673 2173 1840 2234 John
1878 2174 1951 2234 de
1993 2173 2329 2253 Hampton,
2360 2176 2431 2255 os
2464 2176 2660 2236 whom
2704 2177 2805 2247 the¹
2829 2178 3067 2257 former

843 2274 967 2315 was
996 2254 1266 2315 removed
1294 2254 1364 2313 in
1393 2253 1491 2314 the
1519 2261 1722 2315 octave
1751 2255 1820 2334 os
1856 2255 1947 2315 St.
1980 2255 2233 2333 Hilary.

763 2411 1118 2490 Episcopus
1172 2413 1350 2489 ponit
1406 2411 1543 2471 loco
1611 2430 1726 2471 suo
1793 2412 1861 2471 in
1920 2411 2155 2491 placito
2216 2412 2499 2491 predicto
2570 2414 2917 2475 Robertum
2976 2414 3055 2475 de

601 2516 971 2597 Kemeseye,
1003 2516 1102 2577 vel
1141 2516 1182 2577 J
1185 2516 1500 2577 ohannem
1544 2516 1621 2577 de
1657 2516 2060 2596 Hamptone:
2106 2528 2329 2597 postea
2363 2519 2716 2599 Episcopus
2758 2522 3063 2583 ammovit

601 2623 946 2683 Robertum
974 2623 1050 2683 de
1083 2622 1450 2700 Kemeseye,
1482 2626 1649 2701 apud
1679 2623 2109 2702 Wyntoniam,
2140 2624 2207 2684 in
2252 2625 2509 2687 Octabis
2542 2626 2759 2687 Sancti
2803 2627 3059 2689 Hillarii

597 2735 664 2791 et
705 2730 916 2809 posuit
959 2730 1096 2790 loco
1137 2748 1251 2789 suo
1336 2775 1350 2790 .
1440 2774 1454 2791 .
1543 2731 1584 2791 .¹

603 3022 726 3081 The
755 3020 992 3099 Sheriff
1013 3022 1082 3099 of
1117 3020 1416 3099 Hereford
1444 3022 1728 3081 returned
1760 3022 1892 3081 that
1925 3021 2020 3081 the
2063 3022 2224 3082 Earl
2250 3044 2283 3083 o
2359 3023 2705 3085 Glouoester
2732 3026 2913 3085 could
2952 3034 3061 3087 not

844 3103 908 3162 be
937 3102 1284 3161 summoned
1311 3101 1383 3161 in
1412 3101 1509 3161 the
1555 3102 1793 3178 County
1822 3103 1892 3180 of
1926 3103 2257 3181 Heresords
2306 3103 2411 3165 ire.
2524 3106 2823 3167 Mandate
2868 3107 3057 3169 there-

830 3184 967 3261 fore
1008 3190 1138 3241 sent
1181 3189 1238 3241 to
1283 3182 1379 3241 the
1422 3182 1660 3261 Sherzff
1693 3184 1765 3261 os
1815 3184 2162 3244 Gloucester
2204 3191 2261 3245 to
2303 3206 2596 3245 summon.

762 3335 1356 3395 Hmnmonn1i.—A
1384 3334 1484 3394 die
1523 3334 1737 3395 Sancti
1771 3335 2027 3396 Martini
2068 3337 2134 3397 in
2163 3358 2243 3398 xv
2272 3338 2424 3410 dies,
2457 3340 2825 3401 Vicecomes
2857 3342 3059 3403 Here·

597 3440 795 3501 fordie
825 3440 1165 3500 retornavit
1193 3457 1408 3500 coram
1439 3441 1605 3519 Rege
1633 3441 1802 3520 quod
1844 3441 2069 3503 Comes
2100 3444 2489 3506 Gloucestrie
2518 3446 2712 3507 nichil
2741 3448 2962 3509 habuit
2992 3449 3061 3511 in

598 3546 921 3608 Comitatu
955 3545 1323 3605 Hereiordie
1351 3544 1458 3605 ubi
1484 3555 1698 3625 posset
1727 3550 2129 3621 summoneri,
2161 3558 2226 3611 et
2256 3557 2530 3613 testatus
2552 3561 2650 3612 est
2672 3554 2839 3632 quod
2868 3554 3062 3616 habet

597 3654 664 3712 in
700 3652 1022 3713 Comitatu
1064 3651 1476 3712 Gloucestrie.
1563 3651 1715 3713 Ideo
1753 3651 2138 3735 [preceptum
2182 3660 2302 3735 est]
2348 3658 2717 3719 Vicecomiti
2760 3660 3062 3724 Glouces·

599 3759 718 3818 trie
759 3757 926 3837 quod
955 3764 1354 3818 summoneat
1383 3777 1526 3818 eum
1568 3757 1738 3838 quod
1779 3760 1859 3820 sit
1900 3780 2112 3821 coram
2155 3762 2325 3842 Rege
2367 3764 2431 3823 in
2477 3764 2739 3826 Octabis
2780 3767 3059 3829 Hillarii.

603 4048 726 4107 The
785 4046 1022 4125 Sheriff
1069 4067 1102 4105 o
1198 4046 1543 4105 Glouoester
1597 4044 1935 4105 instructed
1999 4046 2095 4105 the
2152 4046 2383 4125 bailzffs
2440 4050 2510 4128 of
2566 4048 2662 4109 the
2721 4049 2939 4127 liberty
2994 4052 3069 4130 of

847 4127 1081 4187 Tewkes
1123 4146 1238 4203 ury
1289 4132 1346 4185 to
1395 4145 1686 4196 sammon,
1746 4125 1852 4186 but
1911 4126 2047 4204 they
2106 4128 2241 4187 took
2294 4148 2372 4189 no
2428 4129 2650 4189 aetion.
2763 4130 3061 4191 Renewed

839 4208 1126 4267 mandate
1155 4214 1212 4267 to
1239 4226 1532 4268 sammon.

762 4362 1423 4425 GnoucnsrR1A.—Ad
1467 4362 1630 4421 diem
1677 4361 1852 4421 illam
1896 4362 2261 4424 Vicecomes
2292 4364 2683 4425 Gloucestrie
2712 4367 3059 4426 retornavit

597 4472 766 4552 quod
820 4477 1182 4549 preceperat
1237 4468 1486 4528 ballivis
1541 4468 1847 4530 libertatis
1899 4468 1977 4529 de
2032 4468 2440 4548 Thekesbury
2494 4470 2601 4550 qui
2656 4471 2853 4532 nichil
2911 4472 3059 4533 inde

597 4577 898 4637 fecerunt.
983 4574 1138 4635 Ideo
1179 4590 1541 4653 preceptum
1585 4580 1682 4633 est
1709 4574 2079 4635 Vicecomiti
2122 4575 2292 4654 quod
2334 4594 2460 4634 non
2506 4576 2757 4637 omittat
2791 4586 3051 4655 propter

597 4682 948 4741 libertatem
980 4684 1123 4749 etc„
1154 4679 1306 4758 quin
1336 4684 1735 4739 summoneat
1762 4697 1907 4738 eum
1935 4679 2102 4758 quod
2138 4681 2218 4740 sit
2256 4700 2469 4741 coram
2500 4681 2665 4759 Rege
2694 4682 3055 4763 ubicunque

595 4798 718 4849 etc.
748 4788 814 4846 in
844 4785 1104 4847 Octabis
1131 4786 1604 4845 Purificacionis
1629 4773 1753 4846 etc.

1357 4922 1526 4964 l—The
1553 4932 1692 4963 name
1716 4934 1820 4964 was
1848 4926 1929 4963 not
1955 4922 2148 4964 written
2176 4923 2302 4964 here.
