<?xml version="1.0" encoding="UTF-8"?>
<!DOCTYPE html PUBLIC "-//W3C//DTD XHTML 1.0 Transitional//EN"
    "http://www.w3.org/TR/xhtml1/DTD/xhtml1-transitional.dtd">
<html xmlns="http://www.w3.org/1999/xhtml" xml:lang="en" lang="en">
 <head>
  <title>
</title>
<meta http-equiv="Content-Type" content="text/html;charset=utf-8" />
  <meta name='ocr-system' content='tesseract 3.04.00' />
  <meta name='ocr-capabilities' content='ocr_page ocr_carea ocr_par ocr_line ocrx_word'/>
</head>
<body>
  <div class='ocr_page' id='page_1' title='image "./canterburyandyo00unkngoog_0274.png"; bbox 0 0 3459 5617; ppageno 0'>
   <div class='ocr_carea' id='block_1_1' title="bbox 1114 512 2763 595">
    <p class='ocr_par' dir='ltr' id='par_1_1' title="bbox 1114 512 2763 595">
     <span class='ocr_line' id='line_1_1' title="bbox 1114 512 2763 595; baseline 0.006 -22"><span class='ocrx_word' id='word_1_1' title='bbox 1114 513 1417 595; x_wconf 76' lang='lat' dir='ltr'><strong><em>Episcopi</em></strong></span> <span class='ocrx_word' id='word_1_2' title='bbox 1468 512 1971 595; x_wconf 55' lang='lat' dir='ltr'><strong>Herefordensia‘</strong></span> <span class='ocrx_word' id='word_1_3' title='bbox 2646 523 2719 584; x_wconf 87' lang='grc'><strong>17</strong></span> <span class='ocrx_word' id='word_1_4' title='bbox 2722 522 2763 583; x_wconf 91' lang='grc'>9</span> 
     </span>
    </p>
   </div>
   <div class='ocr_carea' id='block_1_2' title="bbox 288 735 2781 4625">
    <p class='ocr_par' dir='ltr' id='par_1_2' title="bbox 288 735 2781 4625">
     <span class='ocr_line' id='line_1_2' title="bbox 301 735 2769 818; baseline 0.004 -23"><span class='ocrx_word' id='word_1_5' title='bbox 301 735 542 809; x_wconf 85' lang='lat' dir='ltr'><strong>fuisset,</strong></span> <span class='ocrx_word' id='word_1_6' title='bbox 601 742 666 797; x_wconf 91' lang='lat' dir='ltr'><strong>et</strong></span> <span class='ocrx_word' id='word_1_7' title='bbox 729 737 910 798; x_wconf 88' lang='lat' dir='ltr'><strong>heres</strong></span> <span class='ocrx_word' id='word_1_8' title='bbox 973 738 1171 817; x_wconf 89' lang='lat' dir='ltr'><strong>ipsius</strong></span> <span class='ocrx_word' id='word_1_9' title='bbox 1231 738 1506 818; x_wconf 88' lang='lat' dir='ltr'><strong>Philippi</strong></span> <span class='ocrx_word' id='word_1_10' title='bbox 1573 740 1737 800; x_wconf 82' lang='lat' dir='ltr'><strong>infra</strong></span> <span class='ocrx_word' id='word_1_11' title='bbox 1793 746 2024 801; x_wconf 88' lang='lat' dir='ltr'><strong>etatem</strong></span> <span class='ocrx_word' id='word_1_12' title='bbox 2081 742 2145 801; x_wconf 88' lang='lat' dir='ltr'><strong>in</strong></span> <span class='ocrx_word' id='word_1_13' title='bbox 2205 749 2423 805; x_wconf 74' lang='lat' dir='ltr'><strong>nostra</strong></span> <span class='ocrx_word' id='word_1_14' title='bbox 2478 744 2769 805; x_wconf 78' lang='lat' dir='ltr'><strong>custodis</strong></span> 
     </span>
     <span class='ocr_line' id='line_1_3' title="bbox 301 841 2765 927; baseline 0.004 -26"><span class='ocrx_word' id='word_1_15' title='bbox 301 841 510 901; x_wconf 86' lang='lat' dir='ltr'><strong>adhuc</strong></span> <span class='ocrx_word' id='word_1_16' title='bbox 567 848 755 914; x_wconf 86' lang='lat' dir='ltr'><strong>esset,</strong></span> <span class='ocrx_word' id='word_1_17' title='bbox 813 862 852 903; x_wconf 85' lang='lat' dir='ltr'><strong>a</strong></span> <span class='ocrx_word' id='word_1_18' title='bbox 903 842 1151 923; x_wconf 83' lang='lat' dir='ltr'><strong>prefato</strong></span> <span class='ocrx_word' id='word_1_19' title='bbox 1206 843 1539 923; x_wconf 81' lang='lat' dir='ltr'><strong>Episcopo</strong></span> <span class='ocrx_word' id='word_1_20' title='bbox 1581 852 1645 905; x_wconf 91' lang='lat' dir='ltr'><strong>et</strong></span> <span class='ocrx_word' id='word_1_21' title='bbox 1704 847 2220 907; x_wconf 84' lang='lat' dir='ltr'><strong>coexecutoribus</strong></span> <span class='ocrx_word' id='word_1_22' title='bbox 2276 849 2407 909; x_wconf 90' lang='lat' dir='ltr'><strong>suis</strong></span> <span class='ocrx_word' id='word_1_23' title='bbox 2465 849 2765 927; x_wconf 78' lang='lat' dir='ltr'>predictis</span> 
     </span>
     <span class='ocr_line' id='line_1_4' title="bbox 297 946 2763 1029; baseline 0.003 -21"><span class='ocrx_word' id='word_1_24' title='bbox 297 946 567 1025; x_wconf 86' lang='lat' dir='ltr'><strong>exigitis,</strong></span> <span class='ocrx_word' id='word_1_25' title='bbox 633 958 696 1008; x_wconf 92' lang='lat' dir='ltr'><strong>et</strong></span> <span class='ocrx_word' id='word_1_26' title='bbox 761 948 931 1028; x_wconf 88' lang='lat' dir='ltr'><strong>ipsos</strong></span> <span class='ocrx_word' id='word_1_27' title='bbox 987 968 1102 1029; x_wconf 93' lang='lat' dir='ltr'><strong>pro</strong></span> <span class='ocrx_word' id='word_1_28' title='bbox 1171 950 1405 1011; x_wconf 89' lang='lat' dir='ltr'><strong>eisdem</strong></span> <span class='ocrx_word' id='word_1_29' title='bbox 1478 951 1795 1011; x_wconf 81' lang='lat' dir='ltr'><strong>sexdecim</strong></span> <span class='ocrx_word' id='word_1_30' title='bbox 1867 952 2095 1013; x_wconf 78' lang='lat' dir='ltr'><strong>marcis</strong></span> <span class='ocrx_word' id='word_1_31' title='bbox 2166 956 2413 1027; x_wconf 88' lang='lat' dir='ltr'><strong>annuis,</strong></span> <span class='ocrx_word' id='word_1_32' title='bbox 2486 976 2523 1015; x_wconf 85' lang='lat' dir='ltr'><strong>a</strong></span> <span class='ocrx_word' id='word_1_33' title='bbox 2592 955 2763 1016; x_wconf 89' lang='lat' dir='ltr'><strong>dicto</strong></span> 
     </span>
     <span class='ocr_line' id='line_1_5' title="bbox 298 1049 2751 1133; baseline 0.004 -22"><span class='ocrx_word' id='word_1_34' title='bbox 298 1049 568 1130; x_wconf 87' lang='lat' dir='ltr'><strong>septimo</strong></span> <span class='ocrx_word' id='word_1_35' title='bbox 626 1052 726 1113; x_wconf 82' lang='lat' dir='ltr'><strong>die</strong></span> <span class='ocrx_word' id='word_1_36' title='bbox 782 1053 935 1114; x_wconf 87' lang='lat' dir='ltr'><strong>Julii</strong></span> <span class='ocrx_word' id='word_1_37' title='bbox 994 1054 1176 1115; x_wconf 88' lang='lat' dir='ltr'><strong>nobis</strong></span> <span class='ocrx_word' id='word_1_38' title='bbox 1243 1055 1323 1116; x_wconf 81' lang='lat' dir='ltr'><strong>ad</strong></span> <span class='ocrx_word' id='word_1_39' title='bbox 1379 1056 1544 1117; x_wconf 91' lang='lat' dir='ltr'><strong>idem</strong></span> <span class='ocrx_word' id='word_1_40' title='bbox 1593 1056 1988 1117; x_wconf 87' lang='lat' dir='ltr'><strong>Scaccarium</strong></span> <span class='ocrx_word' id='word_1_41' title='bbox 2049 1065 2332 1120; x_wconf 90' lang='lat' dir='ltr'><strong>nostrum</strong></span> <span class='ocrx_word' id='word_1_42' title='bbox 2394 1060 2751 1133; x_wconf 83' lang='lat' dir='ltr'><strong>reddendis,</strong></span> 
     </span>
     <span class='ocr_line' id='line_1_6' title="bbox 298 1156 2759 1244; baseline 0.004 -27"><span class='ocrx_word' id='word_1_43' title='bbox 298 1156 591 1236; x_wconf 77' lang='lat' dir='ltr'><strong>distringi</strong></span> <span class='ocrx_word' id='word_1_44' title='bbox 643 1159 852 1219; x_wconf 87' lang='lat' dir='ltr'><strong>facitis</strong></span> <span class='ocrx_word' id='word_1_45' title='bbox 907 1161 1116 1221; x_wconf 89' lang='lat' dir='ltr'><strong>minus</strong></span> <span class='ocrx_word' id='word_1_46' title='bbox 1170 1160 1361 1240; x_wconf 83' lang='lat' dir='ltr'><strong>juste,</strong></span> <span class='ocrx_word' id='word_1_47' title='bbox 1407 1162 1471 1222; x_wconf 88' lang='lat' dir='ltr'><strong>in</strong></span> <span class='ocrx_word' id='word_1_48' title='bbox 1529 1164 1807 1242; x_wconf 89' lang='lat' dir='ltr'><strong>ipsorum</strong></span> <span class='ocrx_word' id='word_1_49' title='bbox 1868 1163 2212 1244; x_wconf 89' lang='lat' dir='ltr'><strong>dampnum</strong></span> <span class='ocrx_word' id='word_1_50' title='bbox 2269 1185 2394 1226; x_wconf 87' lang='lat' dir='ltr'><strong>non</strong></span> <span class='ocrx_word' id='word_1_51' title='bbox 2442 1166 2759 1228; x_wconf 89' lang='lat' dir='ltr'><strong>modicum</strong></span> 
     </span>
     <span class='ocr_line' id='line_1_7' title="bbox 295 1266 2763 1351; baseline 0.003 -25"><span class='ocrx_word' id='word_1_52' title='bbox 295 1274 362 1326; x_wconf 89' lang='lat' dir='ltr'><strong>et</strong></span> <span class='ocrx_word' id='word_1_53' title='bbox 418 1284 777 1343; x_wconf 75' lang='lat' dir='ltr'>gravamen.</span> <span class='ocrx_word' id='word_1_54' title='bbox 885 1266 1044 1328; x_wconf 85' lang='lat' dir='ltr'><strong>Cum</strong></span> <span class='ocrx_word' id='word_1_55' title='bbox 1105 1268 1296 1347; x_wconf 86' lang='lat' dir='ltr'><strong>igitur</strong></span> <span class='ocrx_word' id='word_1_56' title='bbox 1349 1268 1514 1328; x_wconf 92' lang='lat' dir='ltr'><strong>idem</strong></span> <span class='ocrx_word' id='word_1_57' title='bbox 1567 1269 1922 1348; x_wconf 83' lang='lat' dir='ltr'><strong>Episcopus</strong></span> <span class='ocrx_word' id='word_1_58' title='bbox 1963 1269 2337 1349; x_wconf 69' lang='lat' dir='ltr'><strong>suggesserit</strong></span> <span class='ocrx_word' id='word_1_59' title='bbox 2380 1270 2547 1351; x_wconf 91' lang='lat' dir='ltr'><strong>quod</strong></span> <span class='ocrx_word' id='word_1_60' title='bbox 2590 1292 2763 1333; x_wconf 89' lang='lat' dir='ltr'><strong>error</strong></span> 
     </span>
     <span class='ocr_line' id='line_1_8' title="bbox 297 1359 2781 1455; baseline 0.003 -25"><span class='ocrx_word' id='word_1_61' title='bbox 297 1371 638 1431; x_wconf 81' lang='lat' dir='ltr'><strong>intervenit</strong></span> <span class='ocrx_word' id='word_1_62' title='bbox 697 1372 760 1431; x_wconf 91' lang='lat' dir='ltr'><strong>in</strong></span> <span class='ocrx_word' id='word_1_63' title='bbox 814 1371 1143 1432; x_wconf 87' lang='lat' dir='ltr'><strong>scribendo</strong></span> <span class='ocrx_word' id='word_1_64' title='bbox 1185 1392 1414 1434; x_wconf 90' lang='lat' dir='ltr'><strong>nomen</strong></span> <span class='ocrx_word' id='word_1_65' title='bbox 1456 1373 1721 1451; x_wconf 75' lang='lat' dir='ltr'><strong>predicti</strong></span> <span class='ocrx_word' id='word_1_66' title='bbox 1766 1373 2027 1435; x_wconf 88' lang='lat' dir='ltr'><strong>Henrici</strong></span> <span class='ocrx_word' id='word_1_67' title='bbox 2068 1379 2133 1435; x_wconf 92' lang='lat' dir='ltr'><strong>et</strong></span> <span class='ocrx_word' id='word_1_68' title='bbox 2175 1386 2518 1454; x_wconf 74' lang='lat' dir='ltr'><strong>cognomen</strong></span> <span class='ocrx_word' id='word_1_69' title='bbox 2562 1359 2781 1455; x_wconf 80' lang='lat' dir='ltr'><strong>ipsius</strong></span> 
     </span>
     <span class='ocr_line' id='line_1_9' title="bbox 298 1477 2760 1561; baseline 0.002 -24"><span class='ocrx_word' id='word_1_70' title='bbox 298 1477 596 1556; x_wconf 89' lang='lat' dir='ltr'><strong>Philippi,</strong></span> <span class='ocrx_word' id='word_1_71' title='bbox 672 1477 964 1538; x_wconf 86' lang='lat' dir='ltr'><strong>videlicet</strong></span> <span class='ocrx_word' id='word_1_72' title='bbox 1047 1497 1277 1538; x_wconf 90' lang='lat' dir='ltr'><strong>nomen</strong></span> <span class='ocrx_word' id='word_1_73' title='bbox 1352 1477 1550 1558; x_wconf 88' lang='lat' dir='ltr'><strong>ipsius</strong></span> <span class='ocrx_word' id='word_1_74' title='bbox 1619 1480 1895 1539; x_wconf 85' lang='lat' dir='ltr'><strong>-Henrici</strong></span> <span class='ocrx_word' id='word_1_75' title='bbox 1972 1500 2081 1559; x_wconf 89' lang='lat' dir='ltr'><strong>pro</strong></span> <span class='ocrx_word' id='word_1_76' title='bbox 2162 1482 2415 1542; x_wconf 90' lang='lat' dir='ltr'><strong>nomine</strong></span> <span class='ocrx_word' id='word_1_77' title='bbox 2496 1482 2760 1561; x_wconf 88' lang='lat' dir='ltr'><strong>predicti</strong></span> 
     </span>
     <span class='ocr_line' id='line_1_10' title="bbox 295 1584 2759 1668; baseline 0.003 -25"><span class='ocrx_word' id='word_1_78' title='bbox 295 1584 568 1662; x_wconf 89' lang='lat' dir='ltr'><strong>Philippi</strong></span> <span class='ocrx_word' id='word_1_79' title='bbox 630 1592 694 1645; x_wconf 92' lang='lat' dir='ltr'><strong>et</strong></span> <span class='ocrx_word' id='word_1_80' title='bbox 751 1603 1096 1662; x_wconf 86' lang='lat' dir='ltr'><strong>cognomen</strong></span> <span class='ocrx_word' id='word_1_81' title='bbox 1160 1584 1237 1644; x_wconf 91' lang='lat' dir='ltr'><strong>de</strong></span> <span class='ocrx_word' id='word_1_82' title='bbox 1294 1585 1601 1664; x_wconf 84' lang='lat' dir='ltr'><strong>Arneleye</strong></span> <span class='ocrx_word' id='word_1_83' title='bbox 1655 1605 1769 1664; x_wconf 87' lang='lat' dir='ltr'><strong>pro</strong></span> <span class='ocrx_word' id='word_1_84' title='bbox 1826 1588 2195 1665; x_wconf 88' lang='lat' dir='ltr'><strong>cognomine</strong></span> <span class='ocrx_word' id='word_1_85' title='bbox 2249 1588 2327 1648; x_wconf 91' lang='lat' dir='ltr'><strong>de</strong></span> <span class='ocrx_word' id='word_1_86' title='bbox 2384 1588 2627 1668; x_wconf 84' lang='lat' dir='ltr'><strong>Arleye,</strong></span> <span class='ocrx_word' id='word_1_87' title='bbox 2693 1594 2759 1650; x_wconf 91' lang='lat' dir='ltr'><strong>et</strong></span> 
     </span>
     <span class='ocr_line' id='line_1_11' title="bbox 295 1688 2756 1774; baseline 0.003 -26"><span class='ocrx_word' id='word_1_88' title='bbox 295 1688 478 1749; x_wconf 90' lang='lat' dir='ltr'><strong>nobis</strong></span> <span class='ocrx_word' id='word_1_89' title='bbox 535 1689 984 1768; x_wconf 74' lang='lat' dir='ltr'><strong>supplicaverit</strong></span> <span class='ocrx_word' id='word_1_90' title='bbox 1029 1697 1099 1751; x_wconf 91' lang='lat' dir='ltr'><strong>ut</strong></span> <span class='ocrx_word' id='word_1_91' title='bbox 1154 1688 1292 1760; x_wconf 87' lang='lat' dir='ltr'><strong>sibi,</strong></span> <span class='ocrx_word' id='word_1_92' title='bbox 1343 1698 1408 1749; x_wconf 89' lang='lat' dir='ltr'><strong>et</strong></span> <span class='ocrx_word' id='word_1_93' title='bbox 1457 1692 1971 1753; x_wconf 87' lang='lat' dir='ltr'><strong>coexecutoribus</strong></span> <span class='ocrx_word' id='word_1_94' title='bbox 2021 1694 2151 1753; x_wconf 91' lang='lat' dir='ltr'><strong>suis</strong></span> <span class='ocrx_word' id='word_1_95' title='bbox 2202 1695 2572 1755; x_wconf 80' lang='lat' dir='ltr'><strong>testamenti</strong></span> <span class='ocrx_word' id='word_1_96' title='bbox 2618 1715 2756 1774; x_wconf 90' lang='lat' dir='ltr'><strong>pre·</strong></span> 
     </span>
     <span class='ocr_line' id='line_1_12' title="bbox 297 1775 2757 1875; baseline 0.001 -19"><span class='ocrx_word' id='word_1_97' title='bbox 297 1796 472 1867; x_wconf 90' lang='lat' dir='ltr'><strong>dicti,</strong></span> <span class='ocrx_word' id='word_1_98' title='bbox 519 1795 666 1855; x_wconf 89' lang='lat' dir='ltr'><strong>inde</strong></span> <span class='ocrx_word' id='word_1_99' title='bbox 708 1796 1051 1856; x_wconf 88' lang='lat' dir='ltr'><strong>remedium</strong></span> <span class='ocrx_word' id='word_1_100' title='bbox 1095 1795 1230 1856; x_wconf 90' lang='lat' dir='ltr'><strong>fieri</strong></span> <span class='ocrx_word' id='word_1_101' title='bbox 1271 1795 1598 1867; x_wconf 83' lang='lat' dir='ltr'><strong>faciamus,</strong></span> <span class='ocrx_word' id='word_1_102' title='bbox 1645 1816 1716 1856; x_wconf 88' lang='lat' dir='ltr'><strong>ac</strong></span> <span class='ocrx_word' id='word_1_103' title='bbox 1760 1796 1835 1857; x_wconf 85' lang='lat' dir='ltr'><strong>ad</strong></span> <span class='ocrx_word' id='word_1_104' title='bbox 1882 1797 2358 1875; x_wconf 89' lang='lat' dir='ltr'><strong>requisicionem</strong></span> <span class='ocrx_word' id='word_1_105' title='bbox 2402 1818 2580 1859; x_wconf 81' lang='lat' dir='ltr'><strong>suam</strong></span> <span class='ocrx_word' id='word_1_106' title='bbox 2624 1775 2757 1859; x_wconf 83' lang='lat' dir='ltr'><strong>tam</strong></span> 
     </span>
     <span class='ocr_line' id='line_1_13' title="bbox 300 1902 2758 1985; baseline 0.001 -23"><span class='ocrx_word' id='word_1_107' title='bbox 300 1902 544 1963; x_wconf 87' lang='lat' dir='ltr'><strong>rotulos</strong></span> <span class='ocrx_word' id='word_1_108' title='bbox 601 1902 984 1963; x_wconf 85' lang='lat' dir='ltr'><strong>Cancellarie</strong></span> <span class='ocrx_word' id='word_1_109' title='bbox 1026 1902 1284 1962; x_wconf 89' lang='lat' dir='ltr'><strong>Domini</strong></span> <span class='ocrx_word' id='word_1_110' title='bbox 1329 1902 1610 1973; x_wconf 85' lang='lat' dir='ltr'><strong>Henrici‚</strong></span> <span class='ocrx_word' id='word_1_111' title='bbox 1656 1902 1974 1983; x_wconf 84' lang='lat' dir='ltr'><strong>quondam</strong></span> <span class='ocrx_word' id='word_1_112' title='bbox 2020 1904 2209 1983; x_wconf 89' lang='lat' dir='ltr'><strong>Regis</strong></span> <span class='ocrx_word' id='word_1_113' title='bbox 2266 1904 2505 1983; x_wconf 88' lang='lat' dir='ltr'><strong>Anglie,</strong></span> <span class='ocrx_word' id='word_1_114' title='bbox 2556 1905 2758 1985; x_wconf 87' lang='lat' dir='ltr'><strong>patris</strong></span> 
     </span>
     <span class='ocr_line' id='line_1_14' title="bbox 293 2007 2757 2090; baseline 0.001 -23"><span class='ocrx_word' id='word_1_115' title='bbox 293 2008 515 2079; x_wconf 88' lang='lat' dir='ltr'><strong>nostri,</strong></span> <span class='ocrx_word' id='word_1_116' title='bbox 562 2028 749 2088; x_wconf 90' lang='lat' dir='ltr'><strong>quam</strong></span> <span class='ocrx_word' id='word_1_117' title='bbox 794 2014 1025 2079; x_wconf 88' lang='lat' dir='ltr'><strong>nostre,</strong></span> <span class='ocrx_word' id='word_1_118' title='bbox 1073 2009 1341 2068; x_wconf 88' lang='lat' dir='ltr'><strong>scrutari</strong></span> <span class='ocrx_word' id='word_1_119' title='bbox 1383 2008 1644 2068; x_wconf 80' lang='lat' dir='ltr'><strong>fecimus</strong></span> <span class='ocrx_word' id='word_1_120' title='bbox 1687 2027 1764 2069; x_wconf 87' lang='lat' dir='ltr'><strong>ex</strong></span> <span class='ocrx_word' id='word_1_121' title='bbox 1807 2008 1929 2069; x_wconf 79' lang='lat' dir='ltr'><strong>hac</strong></span> <span class='ocrx_word' id='word_1_122' title='bbox 1970 2028 2204 2081; x_wconf 83' lang='lat' dir='ltr'><strong>causa;</strong></span> <span class='ocrx_word' id='word_1_123' title='bbox 2266 2007 2567 2090; x_wconf 90' lang='lat' dir='ltr'><strong>nobisque</strong></span> <span class='ocrx_word' id='word_1_124' title='bbox 2610 2030 2757 2070; x_wconf 90' lang='lat' dir='ltr'><strong>con-</strong></span> 
     </span>
     <span class='ocr_line' id='line_1_15' title="bbox 295 2114 2755 2195; baseline 0.001 -21"><span class='ocrx_word' id='word_1_125' title='bbox 295 2122 442 2187; x_wconf 85' lang='lat' dir='ltr'><strong>stet,</strong></span> <span class='ocrx_word' id='word_1_126' title='bbox 485 2135 598 2194; x_wconf 90' lang='lat' dir='ltr'><strong>per</strong></span> <span class='ocrx_word' id='word_1_127' title='bbox 637 2114 1097 2193; x_wconf 87' lang='lat' dir='ltr'><strong>inspeccionem</strong></span> <span class='ocrx_word' id='word_1_128' title='bbox 1157 2115 1505 2175; x_wconf 90' lang='lat' dir='ltr'><strong>rotulorum</strong></span> <span class='ocrx_word' id='word_1_129' title='bbox 1557 2115 1943 2177; x_wconf 73' lang='lat' dir='ltr'><strong>cancellarie</strong></span> <span class='ocrx_word' id='word_1_130' title='bbox 1982 2115 2135 2176; x_wconf 88' lang='lat' dir='ltr'><strong>dicti</strong></span> <span class='ocrx_word' id='word_1_131' title='bbox 2187 2116 2387 2195; x_wconf 89' lang='lat' dir='ltr'><strong>patris</strong></span> <span class='ocrx_word' id='word_1_132' title='bbox 2425 2116 2628 2176; x_wconf 90' lang='lat' dir='ltr'><strong>nostri</strong></span> <span class='ocrx_word' id='word_1_133' title='bbox 2676 2116 2755 2177; x_wconf 89' lang='lat' dir='ltr'><strong>de</strong></span> 
     </span>
     <span class='ocr_line' id='line_1_16' title="bbox 291 2218 2755 2299; baseline 0 -20"><span class='ocrx_word' id='word_1_134' title='bbox 291 2238 460 2280; x_wconf 85' lang='lat' dir='ltr'><strong>anno</strong></span> <span class='ocrx_word' id='word_1_135' title='bbox 513 2219 690 2299; x_wconf 84' lang='lat' dir='ltr'><strong>regni</strong></span> <span class='ocrx_word' id='word_1_136' title='bbox 746 2218 845 2279; x_wconf 89' lang='lat' dir='ltr'><strong>sui</strong></span> <span class='ocrx_word' id='word_1_137' title='bbox 886 2218 1402 2298; x_wconf 84' lang='lat' dir='ltr'><strong>quinquagesimo</strong></span> <span class='ocrx_word' id='word_1_138' title='bbox 1446 2227 1645 2290; x_wconf 84' lang='lat' dir='ltr'><strong>sexto,</strong></span> <span class='ocrx_word' id='word_1_139' title='bbox 1690 2218 1857 2299; x_wconf 90' lang='lat' dir='ltr'><strong>quod</strong></span> <span class='ocrx_word' id='word_1_140' title='bbox 1900 2219 2066 2279; x_wconf 90' lang='lat' dir='ltr'><strong>idem</strong></span> <span class='ocrx_word' id='word_1_141' title='bbox 2108 2226 2291 2299; x_wconf 88' lang='lat' dir='ltr'><strong>pater</strong></span> <span class='ocrx_word' id='word_1_142' title='bbox 2332 2227 2547 2280; x_wconf 90' lang='lat' dir='ltr'><strong>noster</strong></span> <span class='ocrx_word' id='word_1_143' title='bbox 2588 2219 2755 2299; x_wconf 87' lang='lat' dir='ltr'><strong>cepit</strong></span> 
     </span>
     <span class='ocr_line' id='line_1_17' title="bbox 289 2324 2753 2405; baseline 0 -18"><span class='ocrx_word' id='word_1_144' title='bbox 289 2326 654 2405; x_wconf 79' lang='lat' dir='ltr'><strong>homagium</strong></span> <span class='ocrx_word' id='word_1_145' title='bbox 724 2325 921 2403; x_wconf 88' lang='lat' dir='ltr'><strong>ipsius</strong></span> <span class='ocrx_word' id='word_1_146' title='bbox 989 2324 1283 2403; x_wconf 88' lang='lat' dir='ltr'><strong>Philippi,</strong></span> <span class='ocrx_word' id='word_1_147' title='bbox 1354 2324 1467 2384; x_wconf 90' lang='lat' dir='ltr'><strong>filii</strong></span> <span class='ocrx_word' id='word_1_148' title='bbox 1537 2332 1601 2385; x_wconf 88' lang='lat' dir='ltr'><strong>et</strong></span> <span class='ocrx_word' id='word_1_149' title='bbox 1665 2326 1913 2386; x_wconf 88' lang='lat' dir='ltr'><strong>heredis</strong></span> <span class='ocrx_word' id='word_1_150' title='bbox 1977 2326 2243 2405; x_wconf 86' lang='lat' dir='ltr'><strong>predicti</strong></span> <span class='ocrx_word' id='word_1_151' title='bbox 2321 2325 2603 2398; x_wconf 88' lang='lat' dir='ltr'><strong>Henrici‚</strong></span> <span class='ocrx_word' id='word_1_152' title='bbox 2675 2325 2753 2387; x_wconf 92' lang='lat' dir='ltr'><strong>de</strong></span> 
     </span>
     <span class='ocr_line' id='line_1_18' title="bbox 290 2430 2753 2511; baseline 0 -21"><span class='ocrx_word' id='word_1_153' title='bbox 290 2432 586 2492; x_wconf 89' lang='lat' dir='ltr'><strong>omnibus</strong></span> <span class='ocrx_word' id='word_1_154' title='bbox 631 2431 814 2491; x_wconf 86' lang='lat' dir='ltr'><strong>terris</strong></span> <span class='ocrx_word' id='word_1_155' title='bbox 857 2436 918 2490; x_wconf 89' lang='lat' dir='ltr'><strong>et</strong></span> <span class='ocrx_word' id='word_1_156' title='bbox 962 2430 1342 2490; x_wconf 86' lang='lat' dir='ltr'><strong>tenementis</strong></span> <span class='ocrx_word' id='word_1_157' title='bbox 1386 2450 1506 2511; x_wconf 89' lang='lat' dir='ltr'><strong>que</strong></span> <span class='ocrx_word' id='word_1_158' title='bbox 1547 2430 1715 2491; x_wconf 90' lang='lat' dir='ltr'><strong>idem</strong></span> <span class='ocrx_word' id='word_1_159' title='bbox 1760 2431 2097 2499; x_wconf 78' lang='lat' dir='ltr'><strong>HenricuS.</strong></span> <span class='ocrx_word' id='word_1_160' title='bbox 2126 2438 2306 2511; x_wconf 78' lang='lat' dir='ltr'><strong>pater</strong></span> <span class='ocrx_word' id='word_1_161' title='bbox 2342 2451 2514 2503; x_wconf 88' lang='lat' dir='ltr'><strong>suus,</strong></span> <span class='ocrx_word' id='word_1_162' title='bbox 2548 2432 2753 2492; x_wconf 89' lang='lat' dir='ltr'><strong>tenuit</strong></span> 
     </span>
     <span class='ocr_line' id='line_1_19' title="bbox 291 2534 2753 2617; baseline 0 -20"><span class='ocrx_word' id='word_1_163' title='bbox 291 2537 370 2597; x_wconf 90' lang='lat' dir='ltr'><strong>de</strong></span> <span class='ocrx_word' id='word_1_164' title='bbox 432 2546 612 2617; x_wconf 86' lang='lat' dir='ltr'><strong>patre</strong></span> <span class='ocrx_word' id='word_1_165' title='bbox 675 2543 890 2597; x_wconf 89' lang='lat' dir='ltr'><strong>nostro</strong></span> <span class='ocrx_word' id='word_1_166' title='bbox 953 2536 1052 2596; x_wconf 91' lang='lat' dir='ltr'><strong>die</strong></span> <span class='ocrx_word' id='word_1_167' title='bbox 1113 2555 1237 2615; x_wconf 90' lang='lat' dir='ltr'><strong>quo</strong></span> <span class='ocrx_word' id='word_1_168' title='bbox 1299 2534 1473 2607; x_wconf 89' lang='lat' dir='ltr'><strong>obiit,</strong></span> <span class='ocrx_word' id='word_1_169' title='bbox 1535 2545 1600 2596; x_wconf 90' lang='lat' dir='ltr'><strong>et</strong></span> <span class='ocrx_word' id='word_1_170' title='bbox 1663 2536 1722 2595; x_wconf 87' lang='lat' dir='ltr'><strong>ei</strong></span> <span class='ocrx_word' id='word_1_171' title='bbox 1788 2550 1985 2597; x_wconf 85' lang='lat' dir='ltr'><strong>terras</strong></span> <span class='ocrx_word' id='word_1_172' title='bbox 2054 2536 2195 2597; x_wconf 85' lang='lat' dir='ltr'><strong>illas</strong></span> <span class='ocrx_word' id='word_1_173' title='bbox 2258 2544 2321 2597; x_wconf 91' lang='lat' dir='ltr'><strong>et</strong></span> <span class='ocrx_word' id='word_1_174' title='bbox 2385 2544 2753 2597; x_wconf 82' lang='lat' dir='ltr'><strong>tenements.</strong></span> 
     </span>
     <span class='ocr_line' id='line_1_20' title="bbox 292 2640 2753 2723; baseline 0 -21"><span class='ocrx_word' id='word_1_175' title='bbox 292 2643 565 2704; x_wconf 89' lang='lat' dir='ltr'><strong>reddidit</strong></span> <span class='ocrx_word' id='word_1_176' title='bbox 587 2663 602 2716; x_wconf 88' lang='lat'>;</span> <span class='ocrx_word' id='word_1_177' title='bbox 665 2649 727 2703; x_wconf 92' lang='lat' dir='ltr'><strong>et</strong></span> <span class='ocrx_word' id='word_1_178' title='bbox 781 2662 894 2721; x_wconf 91' lang='lat' dir='ltr'><strong>per</strong></span> <span class='ocrx_word' id='word_1_179' title='bbox 949 2640 1409 2719; x_wconf 88' lang='lat' dir='ltr'><strong>inspeccionem</strong></span> <span class='ocrx_word' id='word_1_180' title='bbox 1467 2643 1813 2702; x_wconf 88' lang='lat' dir='ltr'><strong>rotulorum</strong></span> <span class='ocrx_word' id='word_1_181' title='bbox 1874 2642 2261 2704; x_wconf 84' lang='lat' dir='ltr'><strong>Cancellarie</strong></span> <span class='ocrx_word' id='word_1_182' title='bbox 2315 2650 2529 2703; x_wconf 90' lang='lat' dir='ltr'><strong>nostre</strong></span> <span class='ocrx_word' id='word_1_183' title='bbox 2584 2642 2753 2723; x_wconf 90' lang='lat' dir='ltr'><strong>quod</strong></span> 
     </span>
     <span class='ocr_line' id='line_1_21' title="bbox 293 2746 2749 2827; baseline 0 -20"><span class='ocrx_word' id='word_1_184' title='bbox 293 2748 461 2809; x_wconf 88' lang='lat' dir='ltr'><strong>idem</strong></span> <span class='ocrx_word' id='word_1_185' title='bbox 512 2748 842 2827; x_wconf 86' lang='lat' dir='ltr'><strong>Philippus</strong></span> <span class='ocrx_word' id='word_1_186' title='bbox 901 2748 1066 2807; x_wconf 91' lang='lat' dir='ltr'><strong>diem</strong></span> <span class='ocrx_word' id='word_1_187' title='bbox 1122 2746 1350 2807; x_wconf 86' lang='lat' dir='ltr'><strong>clausit</strong></span> <span class='ocrx_word' id='word_1_188' title='bbox 1403 2755 1750 2808; x_wconf 89' lang='lat' dir='ltr'><strong>extremum</strong></span> <span class='ocrx_word' id='word_1_189' title='bbox 1804 2767 1970 2807; x_wconf 86' lang='lat' dir='ltr'><strong>anno</strong></span> <span class='ocrx_word' id='word_1_190' title='bbox 2025 2748 2201 2827; x_wconf 90' lang='lat' dir='ltr'><strong>regni</strong></span> <span class='ocrx_word' id='word_1_191' title='bbox 2257 2747 2457 2809; x_wconf 90' lang='lat' dir='ltr'><strong>nostri</strong></span> <span class='ocrx_word' id='word_1_192' title='bbox 2515 2748 2749 2820; x_wconf 85' lang='lat' dir='ltr'><strong>tercio;</strong></span> 
     </span>
     <span class='ocr_line' id='line_1_22' title="bbox 292 2851 2749 2933; baseline -0.002 -17"><span class='ocrx_word' id='word_1_193' title='bbox 292 2861 358 2916; x_wconf 88' lang='lat' dir='ltr'><strong>et</strong></span> <span class='ocrx_word' id='word_1_194' title='bbox 413 2854 580 2933; x_wconf 91' lang='lat' dir='ltr'><strong>quod</strong></span> <span class='ocrx_word' id='word_1_195' title='bbox 636 2861 800 2912; x_wconf 92' lang='lat' dir='ltr'><strong>terre</strong></span> <span class='ocrx_word' id='word_1_196' title='bbox 857 2862 920 2911; x_wconf 90' lang='lat' dir='ltr'><strong>et</strong></span> <span class='ocrx_word' id='word_1_197' title='bbox 963 2857 1325 2911; x_wconf 89' lang='lat' dir='ltr'><strong>tenementa</strong></span> <span class='ocrx_word' id='word_1_198' title='bbox 1369 2870 1486 2912; x_wconf 85' lang='lat' dir='ltr'><strong>sua</strong></span> <span class='ocrx_word' id='word_1_199' title='bbox 1527 2871 1694 2912; x_wconf 83' lang='lat' dir='ltr'><strong>anno</strong></span> <span class='ocrx_word' id='word_1_200' title='bbox 1738 2852 1955 2913; x_wconf 90' lang='lat' dir='ltr'><strong>eodem</strong></span> <span class='ocrx_word' id='word_1_201' title='bbox 2000 2872 2112 2931; x_wconf 92' lang='lat' dir='ltr'><strong>per</strong></span> <span class='ocrx_word' id='word_1_202' title='bbox 2152 2858 2419 2913; x_wconf 89' lang='lat' dir='ltr'><strong>mortem</strong></span> <span class='ocrx_word' id='word_1_203' title='bbox 2464 2851 2749 2930; x_wconf 86' lang='lat' dir='ltr'><strong>ejusdem</strong></span> 
     </span>
     <span class='ocr_line' id='line_1_23' title="bbox 291 2945 2751 3041; baseline -0.002 -20"><span class='ocrx_word' id='word_1_204' title='bbox 291 2970 480 3041; x_wconf 86' lang='lat' dir='ltr'><strong>capta</strong></span> <span class='ocrx_word' id='word_1_205' title='bbox 535 2960 789 3020; x_wconf 80' lang='lat' dir='ltr'><strong>fuerunt</strong></span> <span class='ocrx_word' id='word_1_206' title='bbox 837 2958 901 3017; x_wconf 92' lang='lat' dir='ltr'><strong>in</strong></span> <span class='ocrx_word' id='word_1_207' title='bbox 945 2945 1204 3017; x_wconf 83' lang='lat' dir='ltr'><strong>manum</strong></span> <span class='ocrx_word' id='word_1_208' title='bbox 1249 2962 1555 3028; x_wconf 79' lang='lat' dir='ltr'><strong>nostram,</strong></span> <span class='ocrx_word' id='word_1_209' title='bbox 1600 2966 1665 3016; x_wconf 91' lang='lat' dir='ltr'><strong>et</strong></span> <span class='ocrx_word' id='word_1_210' title='bbox 1709 2957 1789 3018; x_wconf 92' lang='lat' dir='ltr'><strong>ab</strong></span> <span class='ocrx_word' id='word_1_211' title='bbox 1832 2957 1940 3017; x_wconf 93' lang='lat' dir='ltr'><strong>illo</strong></span> <span class='ocrx_word' id='word_1_212' title='bbox 1984 2976 2153 3017; x_wconf 87' lang='lat' dir='ltr'><strong>anno</strong></span> <span class='ocrx_word' id='word_1_213' title='bbox 2195 2957 2447 3018; x_wconf 87' lang='lat' dir='ltr'><strong>racione</strong></span> <span class='ocrx_word' id='word_1_214' title='bbox 2490 2957 2751 3017; x_wconf 89' lang='lat' dir='ltr'><strong>minoris</strong></span> 
     </span>
     <span class='ocr_line' id='line_1_24' title="bbox 290 3061 2749 3145; baseline -0.003 -17"><span class='ocrx_word' id='word_1_215' title='bbox 290 3066 482 3128; x_wconf 90' lang='lat' dir='ltr'><strong>etatis</strong></span> <span class='ocrx_word' id='word_1_216' title='bbox 525 3064 806 3145; x_wconf 89' lang='lat' dir='ltr'><strong>ejusdem</strong></span> <span class='ocrx_word' id='word_1_217' title='bbox 842 3062 1154 3124; x_wconf 84' lang='lat' dir='ltr'><strong>Johannis</strong></span> <span class='ocrx_word' id='word_1_218' title='bbox 1187 3062 1254 3121; x_wconf 90' lang='lat' dir='ltr'><strong>in</strong></span> <span class='ocrx_word' id='word_1_219' title='bbox 1297 3082 1490 3123; x_wconf 88' lang='lat' dir='ltr'><strong>manu</strong></span> <span class='ocrx_word' id='word_1_220' title='bbox 1529 3068 1745 3123; x_wconf 87' lang='lat' dir='ltr'><strong>nostra</strong></span> <span class='ocrx_word' id='word_1_221' title='bbox 1785 3081 1981 3142; x_wconf 91' lang='lat' dir='ltr'><strong>nsque</strong></span> <span class='ocrx_word' id='word_1_222' title='bbox 2015 3061 2094 3122; x_wconf 77' lang='lat' dir='ltr'><strong>ad</strong></span> <span class='ocrx_word' id='word_1_223' title='bbox 2139 3063 2400 3123; x_wconf 89' lang='lat' dir='ltr'><strong>tercium</strong></span> <span class='ocrx_word' id='word_1_224' title='bbox 2437 3061 2749 3123; x_wconf 87' lang='lat' dir='ltr'><strong>decimum</strong></span> 
     </span>
     <span class='ocr_line' id='line_1_25' title="bbox 291 3166 2747 3245; baseline -0.002 -13"><span class='ocrx_word' id='word_1_225' title='bbox 291 3166 456 3232; x_wconf 88' lang='lat' dir='ltr'><strong>diem</strong></span> <span class='ocrx_word' id='word_1_226' title='bbox 513 3169 818 3241; x_wconf 84' lang='lat' dir='ltr'><strong>Januarii,</strong></span> <span class='ocrx_word' id='word_1_227' title='bbox 891 3186 1058 3228; x_wconf 89' lang='lat' dir='ltr'><strong>anno</strong></span> <span class='ocrx_word' id='word_1_228' title='bbox 1115 3168 1288 3245; x_wconf 87' lang='lat' dir='ltr'><strong>regni</strong></span> <span class='ocrx_word' id='word_1_229' title='bbox 1345 3167 1546 3227; x_wconf 89' lang='lat' dir='ltr'><strong>nostri</strong></span> <span class='ocrx_word' id='word_1_230' title='bbox 1605 3168 1924 3240; x_wconf 87' lang='lat' dir='ltr'><strong>vicesim0,</strong></span> <span class='ocrx_word' id='word_1_231' title='bbox 1966 3168 2364 3245; x_wconf 24' lang='lat' dir='ltr'><strong>‘extiterunt3</strong></span> <span class='ocrx_word' id='word_1_232' title='bbox 2436 3175 2499 3230; x_wconf 86' lang='lat' dir='ltr'><strong>et</strong></span> <span class='ocrx_word' id='word_1_233' title='bbox 2548 3169 2747 3229; x_wconf 90' lang='lat' dir='ltr'><strong>eciam</strong></span> 
     </span>
     <span class='ocr_line' id='line_1_26' title="bbox 292 3273 2748 3357; baseline -0.002 -20"><span class='ocrx_word' id='word_1_234' title='bbox 292 3277 460 3357; x_wconf 90' lang='lat' dir='ltr'><strong>quod</strong></span> <span class='ocrx_word' id='word_1_235' title='bbox 515 3275 799 3336; x_wconf 88' lang='lat' dir='ltr'><strong>custodie</strong></span> <span class='ocrx_word' id='word_1_236' title='bbox 854 3273 1120 3333; x_wconf 84' lang='lat' dir='ltr'><strong>manerii</strong></span> <span class='ocrx_word' id='word_1_237' title='bbox 1175 3292 1250 3333; x_wconf 83' lang='lat' dir='ltr'><strong>ac</strong></span> <span class='ocrx_word' id='word_1_238' title='bbox 1305 3278 1613 3333; x_wconf 87' lang='lat' dir='ltr'><strong>terrarum</strong></span> <span class='ocrx_word' id='word_1_239' title='bbox 1671 3278 1734 3333; x_wconf 91' lang='lat' dir='ltr'><strong>et</strong></span> <span class='ocrx_word' id='word_1_240' title='bbox 1781 3280 2283 3333; x_wconf 91' lang='lat' dir='ltr'><strong>tenementorum</strong></span> <span class='ocrx_word' id='word_1_241' title='bbox 2326 3274 2748 3352; x_wconf 83' lang='lat' dir='ltr'><strong>predictorum</strong></span> 
     </span>
     <span class='ocr_line' id='line_1_27' title="bbox 292 3377 2749 3463; baseline -0.001 -21"><span class='ocrx_word' id='word_1_242' title='bbox 292 3384 536 3463; x_wconf 86' lang='lat' dir='ltr'><strong>prefato</strong></span> <span class='ocrx_word' id='word_1_243' title='bbox 592 3381 852 3449; x_wconf 83' lang='lat' dir='ltr'><strong>Thome‚</strong></span> <span class='ocrx_word' id='word_1_244' title='bbox 902 3377 1020 3439; x_wconf 90' lang='lat' dir='ltr'><strong>sub</strong></span> <span class='ocrx_word' id='word_1_245' title='bbox 1080 3378 1440 3439; x_wconf 89' lang='lat' dir='ltr'><strong>nominibus</strong></span> <span class='ocrx_word' id='word_1_246' title='bbox 1484 3379 1767 3459; x_wconf 88' lang='lat' dir='ltr'><strong>ipsorum</strong></span> <span class='ocrx_word' id='word_1_247' title='bbox 1810 3380 2073 3439; x_wconf 89' lang='lat' dir='ltr'><strong>Henrici</strong></span> <span class='ocrx_word' id='word_1_248' title='bbox 2116 3387 2179 3439; x_wconf 91' lang='lat' dir='ltr'><strong>et</strong></span> <span class='ocrx_word' id='word_1_249' title='bbox 2223 3379 2519 3459; x_wconf 90' lang='lat' dir='ltr'><strong>Philippi,</strong></span> <span class='ocrx_word' id='word_1_250' title='bbox 2564 3379 2749 3440; x_wconf 85' lang='lat' dir='ltr'><strong>annis</strong></span> 
     </span>
     <span class='ocr_line' id='line_1_28' title="bbox 292 3484 2746 3567; baseline -0.001 -19"><span class='ocrx_word' id='word_1_251' title='bbox 292 3488 463 3567; x_wconf 88' lang='lat' dir='ltr'><strong>regni</strong></span> <span class='ocrx_word' id='word_1_252' title='bbox 506 3486 704 3547; x_wconf 88' lang='lat' dir='ltr'><strong>nostri</strong></span> <span class='ocrx_word' id='word_1_253' title='bbox 746 3494 971 3564; x_wconf 91' lang='lat' dir='ltr'><strong>quarto</strong></span> <span class='ocrx_word' id='word_1_254' title='bbox 1013 3489 1076 3544; x_wconf 90' lang='lat' dir='ltr'><strong>et</strong></span> <span class='ocrx_word' id='word_1_255' title='bbox 1117 3484 1339 3564; x_wconf 83' lang='lat' dir='ltr'><strong>quinto</strong></span> <span class='ocrx_word' id='word_1_256' title='bbox 1381 3503 1676 3544; x_wconf 88' lang='lat' dir='ltr'><strong>concesse</strong></span> <span class='ocrx_word' id='word_1_257' title='bbox 1719 3485 1973 3545; x_wconf 79' lang='lat' dir='ltr'><strong>fuerunt</strong></span> <span class='ocrx_word' id='word_1_258' title='bbox 2016 3486 2081 3543; x_wconf 90' lang='lat' dir='ltr'><strong>in</strong></span> <span class='ocrx_word' id='word_1_259' title='bbox 2120 3484 2321 3544; x_wconf 82' lang='lat' dir='ltr'><strong>forma</strong></span> <span class='ocrx_word' id='word_1_260' title='bbox 2353 3485 2746 3563; x_wconf 77' lang='lat' dir='ltr'><strong>supradicta3</strong></span> 
     </span>
     <span class='ocr_line' id='line_1_29' title="bbox 289 3589 2747 3676; baseline -0.002 -21"><span class='ocrx_word' id='word_1_261' title='bbox 289 3615 402 3676; x_wconf 90' lang='lat' dir='ltr'><strong>per</strong></span> <span class='ocrx_word' id='word_1_262' title='bbox 455 3593 621 3675; x_wconf 89' lang='lat' dir='ltr'><strong>quod</strong></span> <span class='ocrx_word' id='word_1_263' title='bbox 677 3592 873 3672; x_wconf 88' lang='lat' dir='ltr'><strong>liquet</strong></span> <span class='ocrx_word' id='word_1_264' title='bbox 929 3590 1094 3671; x_wconf 91' lang='lat' dir='ltr'><strong>quod</strong></span> <span class='ocrx_word' id='word_1_265' title='bbox 1137 3609 1309 3650; x_wconf 91' lang='lat' dir='ltr'><strong>error</strong></span> <span class='ocrx_word' id='word_1_266' title='bbox 1347 3589 1684 3650; x_wconf 86' lang='lat' dir='ltr'><strong>intervenit</strong></span> <span class='ocrx_word' id='word_1_267' title='bbox 1723 3590 1789 3649; x_wconf 88' lang='lat' dir='ltr'><strong>in</strong></span> <span class='ocrx_word' id='word_1_268' title='bbox 1835 3591 2143 3669; x_wconf 78' lang='lat' dir='ltr'><strong>scriptura</strong></span> <span class='ocrx_word' id='word_1_269' title='bbox 2187 3590 2460 3650; x_wconf 89' lang='lat' dir='ltr'><strong>nominis</strong></span> <span class='ocrx_word' id='word_1_270' title='bbox 2502 3596 2566 3651; x_wconf 91' lang='lat' dir='ltr'><strong>et</strong></span> <span class='ocrx_word' id='word_1_271' title='bbox 2608 3609 2747 3669; x_wconf 90' lang='lat' dir='ltr'><strong>cog-</strong></span> 
     </span>
     <span class='ocr_line' id='line_1_30' title="bbox 292 3681 2747 3778; baseline -0.002 -16"><span class='ocrx_word' id='word_1_272' title='bbox 292 3700 562 3762; x_wconf 88' lang='lat' dir='ltr'><strong>nominis</strong></span> <span class='ocrx_word' id='word_1_273' title='bbox 630 3697 1098 3778; x_wconf 86' lang='lat' dir='ltr'><strong>predictorum;</strong></span> <span class='ocrx_word' id='word_1_274' title='bbox 1169 3714 1304 3767; x_wconf 90' lang='lat' dir='ltr'><strong>nos,</strong></span> <span class='ocrx_word' id='word_1_275' title='bbox 1376 3695 1664 3755; x_wconf 87' lang='lat' dir='ltr'><strong>nolentes</strong></span> <span class='ocrx_word' id='word_1_276' title='bbox 1725 3697 1895 3775; x_wconf 90' lang='lat' dir='ltr'><strong>quod</strong></span> <span class='ocrx_word' id='word_1_277' title='bbox 1954 3696 2275 3775; x_wconf 89' lang='lat' dir='ltr'><strong>predictus</strong></span> <span class='ocrx_word' id='word_1_278' title='bbox 2336 3681 2708 3774; x_wconf 80' lang='lat' dir='ltr'><strong>B[icardus]</strong></span> <span class='ocrx_word' id='word_1_279' title='bbox 2733 3742 2747 3768; x_wconf 92' lang='lat'><strong>,</strong></span> 
     </span>
     <span class='ocr_line' id='line_1_31' title="bbox 293 3802 2748 3881; baseline -0.003 -13"><span class='ocrx_word' id='word_1_280' title='bbox 293 3804 776 3868; x_wconf 83' lang='lat' dir='ltr'><strong>Herefordensis</strong></span> <span class='ocrx_word' id='word_1_281' title='bbox 817 3802 1189 3881; x_wconf 87' lang='lat' dir='ltr'><strong>Episcopus,</strong></span> <span class='ocrx_word' id='word_1_282' title='bbox 1236 3820 1346 3861; x_wconf 90' lang='lat' dir='ltr'><strong>seu</strong></span> <span class='ocrx_word' id='word_1_283' title='bbox 1389 3808 1832 3862; x_wconf 88' lang='lat' dir='ltr'><strong>coexecutores</strong></span> <span class='ocrx_word' id='word_1_284' title='bbox 1876 3803 1972 3862; x_wconf 91' lang='lat' dir='ltr'><strong>sui</strong></span> <span class='ocrx_word' id='word_1_285' title='bbox 2005 3802 2290 3881; x_wconf 90' lang='lat' dir='ltr'><strong>predicti,</strong></span> <span class='ocrx_word' id='word_1_286' title='bbox 2333 3821 2445 3880; x_wconf 91' lang='lat' dir='ltr'><strong>per</strong></span> <span class='ocrx_word' id='word_1_287' title='bbox 2478 3821 2748 3861; x_wconf 88' lang='lat' dir='ltr'><strong>errorem</strong></span> 
     </span>
     <span class='ocr_line' id='line_1_32' title="bbox 292 3906 2749 3989; baseline -0.002 -16"><span class='ocrx_word' id='word_1_288' title='bbox 292 3910 654 3989; x_wconf 82' lang='lat' dir='ltr'><strong>hujusmodi</strong></span> <span class='ocrx_word' id='word_1_289' title='bbox 725 3908 1002 3969; x_wconf 87' lang='lat' dir='ltr'><strong>indebite</strong></span> <span class='ocrx_word' id='word_1_290' title='bbox 1066 3912 1421 3983; x_wconf 87' lang='lat' dir='ltr'><strong>graventur,</strong></span> <span class='ocrx_word' id='word_1_291' title='bbox 1493 3907 1669 3967; x_wconf 88' lang='lat' dir='ltr'><strong>vobis</strong></span> <span class='ocrx_word' id='word_1_292' title='bbox 1748 3908 2123 3968; x_wconf 83' lang='lat' dir='ltr'><strong>mandamus</strong></span> <span class='ocrx_word' id='word_1_293' title='bbox 2192 3906 2379 3987; x_wconf 89' lang='lat' dir='ltr'><strong>quod,</strong></span> <span class='ocrx_word' id='word_1_294' title='bbox 2452 3908 2749 3968; x_wconf 86' lang='lat' dir='ltr'><strong>scrutatis</strong></span> 
     </span>
     <span class='ocr_line' id='line_1_33' title="bbox 291 4011 2749 4095; baseline -0.003 -16"><span class='ocrx_word' id='word_1_295' title='bbox 291 4018 514 4079; x_wconf 92' lang='lat' dir='ltr'><strong>rotulis</strong></span> <span class='ocrx_word' id='word_1_296' title='bbox 583 4014 861 4095; x_wconf 89' lang='lat' dir='ltr'><strong>ejusdem</strong></span> <span class='ocrx_word' id='word_1_297' title='bbox 939 4012 1247 4073; x_wconf 80' lang='lat' dir='ltr'><strong>Scsccarii</strong></span> <span class='ocrx_word' id='word_1_298' title='bbox 1318 4012 1540 4082; x_wconf 86' lang='lat' dir='ltr'><strong>nostri,</strong></span> <span class='ocrx_word' id='word_1_299' title='bbox 1598 4014 1652 4073; x_wconf 93' lang='lat' dir='ltr'><strong>si</strong></span> <span class='ocrx_word' id='word_1_300' title='bbox 1723 4013 1901 4074; x_wconf 85' lang='lat' dir='ltr'><strong>vobis</strong></span> <span class='ocrx_word' id='word_1_301' title='bbox 1972 4018 2262 4073; x_wconf 87' lang='lat' dir='ltr'><strong>constare</strong></span> <span class='ocrx_word' id='word_1_302' title='bbox 2324 4014 2524 4092; x_wconf 88' lang='lat' dir='ltr'><strong>possit</strong></span> <span class='ocrx_word' id='word_1_303' title='bbox 2582 4011 2749 4092; x_wconf 89' lang='lat' dir='ltr'><strong>quod</strong></span> 
     </span>
     <span class='ocr_line' id='line_1_34' title="bbox 289 4117 2747 4203; baseline -0.003 -19"><span class='ocrx_word' id='word_1_304' title='bbox 289 4123 567 4203; x_wconf 84' lang='lat' dir='ltr'><strong>predicte</strong></span> <span class='ocrx_word' id='word_1_305' title='bbox 625 4120 892 4181; x_wconf 88' lang='lat' dir='ltr'><strong>ducente</strong></span> <span class='ocrx_word' id='word_1_306' title='bbox 948 4117 1102 4178; x_wconf 87' lang='lat' dir='ltr'><strong>libre</strong></span> <span class='ocrx_word' id='word_1_307' title='bbox 1159 4117 1340 4177; x_wconf 91' lang='lat' dir='ltr'><strong>nobis</strong></span> <span class='ocrx_word' id='word_1_308' title='bbox 1395 4136 1508 4195; x_wconf 92' lang='lat' dir='ltr'><strong>pro</strong></span> <span class='ocrx_word' id='word_1_309' title='bbox 1567 4119 1857 4179; x_wconf 84' lang='lat' dir='ltr'><strong>custodia</strong></span> <span class='ocrx_word' id='word_1_310' title='bbox 1910 4119 2212 4196; x_wconf 85' lang='lat' dir='ltr'><strong>predicta,</strong></span> <span class='ocrx_word' id='word_1_311' title='bbox 2260 4124 2331 4180; x_wconf 90' lang='lat' dir='ltr'><strong>ut</strong></span> <span class='ocrx_word' id='word_1_312' title='bbox 2386 4118 2747 4197; x_wconf 88' lang='lat' dir='ltr'><strong>predicitur,</strong></span> 
     </span>
     <span class='ocr_line' id='line_1_35' title="bbox 290 4208 2749 4303; baseline -0.002 -14"><span class='ocrx_word' id='word_1_313' title='bbox 290 4230 417 4302; x_wconf 82' lang='lat' dir='ltr'><strong>sint</strong></span> <span class='ocrx_word' id='word_1_314' title='bbox 467 4228 705 4297; x_wconf 90' lang='lat' dir='ltr'><strong>solute;</strong></span> <span class='ocrx_word' id='word_1_315' title='bbox 750 4234 902 4284; x_wconf 89' lang='lat' dir='ltr'><strong>tunc</strong></span> <span class='ocrx_word' id='word_1_316' title='bbox 945 4224 1150 4301; x_wconf 90' lang='lat' dir='ltr'><strong>ipsum</strong></span> <span class='ocrx_word' id='word_1_317' title='bbox 1200 4222 1587 4303; x_wconf 88' lang='lat' dir='ltr'><strong>Episcopum</strong></span> <span class='ocrx_word' id='word_1_318' title='bbox 1638 4233 1702 4284; x_wconf 91' lang='lat' dir='ltr'><strong>et</strong></span> <span class='ocrx_word' id='word_1_319' title='bbox 1750 4229 2190 4284; x_wconf 85' lang='lat' dir='ltr'><strong>coexecntores</strong></span> <span class='ocrx_word' id='word_1_320' title='bbox 2239 4208 2386 4284; x_wconf 80' lang='lat' dir='ltr'><strong>suos</strong></span> <span class='ocrx_word' id='word_1_321' title='bbox 2433 4223 2749 4303; x_wconf 89' lang='lat' dir='ltr'><strong>predictos</strong></span> 
     </span>
     <span class='ocr_line' id='line_1_36' title="bbox 288 4330 2748 4415; baseline -0.002 -18"><span class='ocrx_word' id='word_1_322' title='bbox 288 4339 368 4397; x_wconf 93' lang='lat' dir='ltr'><strong>de</strong></span> <span class='ocrx_word' id='word_1_323' title='bbox 408 4334 706 4415; x_wconf 90' lang='lat' dir='ltr'><strong>predictis</strong></span> <span class='ocrx_word' id='word_1_324' title='bbox 750 4332 1064 4392; x_wconf 87' lang='lat' dir='ltr'><strong>sexdecim</strong></span> <span class='ocrx_word' id='word_1_325' title='bbox 1114 4330 1340 4392; x_wconf 90' lang='lat' dir='ltr'><strong>marcis</strong></span> <span class='ocrx_word' id='word_1_326' title='bbox 1390 4332 1617 4392; x_wconf 89' lang='lat' dir='ltr'><strong>annuis</strong></span> <span class='ocrx_word' id='word_1_327' title='bbox 1660 4352 1698 4392; x_wconf 91' lang='lat' dir='ltr'><strong>a</strong></span> <span class='ocrx_word' id='word_1_328' title='bbox 1745 4332 2013 4412; x_wconf 90' lang='lat' dir='ltr'><strong>septimo</strong></span> <span class='ocrx_word' id='word_1_329' title='bbox 2055 4332 2154 4392; x_wconf 89' lang='lat' dir='ltr'><strong>die</strong></span> <span class='ocrx_word' id='word_1_330' title='bbox 2195 4332 2347 4393; x_wconf 87' lang='lat' dir='ltr'><strong>Julii</strong></span> <span class='ocrx_word' id='word_1_331' title='bbox 2390 4332 2748 4411; x_wconf 88' lang='lat' dir='ltr'><strong>supradicto</strong></span> 
     </span>
     <span class='ocr_line' id='line_1_37' title="bbox 290 4438 2747 4523; baseline -0.002 -21"><span class='ocrx_word' id='word_1_332' title='bbox 290 4444 539 4523; x_wconf 78' lang='lat' dir='ltr'><strong>quietos</strong></span> <span class='ocrx_word' id='word_1_333' title='bbox 581 4460 718 4501; x_wconf 90' lang='lat' dir='ltr'><strong>esse</strong></span> <span class='ocrx_word' id='word_1_334' title='bbox 761 4438 1029 4499; x_wconf 68' lang='lat' dir='ltr'><strong>faciatis</strong></span> <span class='ocrx_word' id='word_1_335' title='bbox 1117 4438 1305 4498; x_wconf 81' lang='lat' dir='ltr'><strong>Teste</strong></span> <span class='ocrx_word' id='word_1_336' title='bbox 1349 4438 1587 4516; x_wconf 91' lang='lat' dir='ltr'><strong>meipso</strong></span> <span class='ocrx_word' id='word_1_337' title='bbox 1623 4438 1790 4517; x_wconf 87' lang='lat' dir='ltr'><strong>apud</strong></span> <span class='ocrx_word' id='word_1_338' title='bbox 1832 4438 2146 4517; x_wconf 83' lang='lat' dir='ltr'><strong>Odyham,</strong></span> <span class='ocrx_word' id='word_1_339' title='bbox 2177 4438 2265 4518; x_wconf 83' lang='lat' dir='ltr'><strong>xij</strong></span> <span class='ocrx_word' id='word_1_340' title='bbox 2307 4438 2405 4499; x_wconf 87' lang='lat' dir='ltr'><strong>die</strong></span> <span class='ocrx_word' id='word_1_341' title='bbox 2440 4438 2747 4511; x_wconf 81' lang='lat' dir='ltr'><strong>Januarii,</strong></span> 
     </span>
     <span class='ocr_line' id='line_1_38' title="bbox 291 4540 1538 4625; baseline -0.006 -17"><span class='ocrx_word' id='word_1_342' title='bbox 291 4567 460 4609; x_wconf 85' lang='lat' dir='ltr'><strong>anno</strong></span> <span class='ocrx_word' id='word_1_343' title='bbox 501 4540 675 4625; x_wconf 83' lang='lat' dir='ltr'><strong>regni</strong></span> <span class='ocrx_word' id='word_1_344' title='bbox 718 4544 918 4605; x_wconf 91' lang='lat' dir='ltr'><strong>nostri</strong></span> <span class='ocrx_word' id='word_1_345' title='bbox 961 4542 1276 4603; x_wconf 88' lang='lat' dir='ltr'><strong>tricesimo</strong></span> <span class='ocrx_word' id='word_1_346' title='bbox 1315 4543 1538 4621; x_wconf 79' lang='lat' dir='ltr'><strong>primo,</strong></span> 
     </span>
    </p>
   </div>
   <div class='ocr_carea' id='block_1_3' title="bbox 290 4695 2750 4990">
    <p class='ocr_par' dir='ltr' id='par_1_3' title="bbox 290 4695 2750 4990">
     <span class='ocr_line' id='line_1_39' title="bbox 453 4695 2749 4775; baseline 0 -15"><span class='ocrx_word' id='word_1_347' title='bbox 453 4700 542 4760; x_wconf 87' lang='lat' dir='ltr'><strong>Et</strong></span> <span class='ocrx_word' id='word_1_348' title='bbox 602 4697 1078 4759; x_wconf 89' lang='lat' dir='ltr'><strong>memorandum</strong></span> <span class='ocrx_word' id='word_1_349' title='bbox 1142 4695 1310 4774; x_wconf 90' lang='lat' dir='ltr'><strong>quod</strong></span> <span class='ocrx_word' id='word_1_350' title='bbox 1378 4695 1560 4756; x_wconf 87' lang='lat' dir='ltr'><strong>breve</strong></span> <span class='ocrx_word' id='word_1_351' title='bbox 1619 4698 1907 4775; x_wconf 87' lang='lat' dir='ltr'><strong>superius</strong></span> <span class='ocrx_word' id='word_1_352' title='bbox 1967 4704 2380 4759; x_wconf 78' lang='lat' dir='ltr'><strong>memoratum</strong></span> <span class='ocrx_word' id='word_1_353' title='bbox 2436 4698 2554 4761; x_wconf 84' lang='lat' dir='ltr'><strong>fuit</strong></span> <span class='ocrx_word' id='word_1_354' title='bbox 2599 4700 2749 4761; x_wconf 85' lang='lat' dir='ltr'><strong>allo-</strong></span> 
     </span>
     <span class='ocr_line' id='line_1_40' title="bbox 290 4800 2749 4893; baseline -0 -26"><span class='ocrx_word' id='word_1_355' title='bbox 290 4816 506 4877; x_wconf 86' lang='lat' dir='ltr'><strong>catum</strong></span> <span class='ocrx_word' id='word_1_356' title='bbox 575 4806 640 4864; x_wconf 90' lang='lat' dir='ltr'><strong>in</strong></span> <span class='ocrx_word' id='word_1_357' title='bbox 712 4820 939 4881; x_wconf 81' lang='lat' dir='ltr'><strong>magno</strong></span> <span class='ocrx_word' id='word_1_358' title='bbox 1007 4802 1214 4893; x_wconf 83' lang='lat' dir='ltr'><strong>rotulo</strong></span> <span class='ocrx_word' id='word_1_359' title='bbox 1284 4800 1362 4861; x_wconf 87' lang='lat' dir='ltr'><strong>de</strong></span> <span class='ocrx_word' id='word_1_360' title='bbox 1429 4802 1754 4863; x_wconf 83' lang='lat' dir='ltr'><strong>Scaccario</strong></span> <span class='ocrx_word' id='word_1_361' title='bbox 1816 4804 1966 4864; x_wconf 84' lang='lat' dir='ltr'><strong>anni</strong></span> <span class='ocrx_word' id='word_1_362' title='bbox 2030 4804 2329 4865; x_wconf 89' lang='lat' dir='ltr'><strong>tricesimi</strong></span> <span class='ocrx_word' id='word_1_363' title='bbox 2388 4806 2617 4885; x_wconf 86' lang='lat' dir='ltr'><strong>quarti,</strong></span> <span class='ocrx_word' id='word_1_364' title='bbox 2683 4806 2749 4866; x_wconf 89' lang='lat' dir='ltr'><strong>in</strong></span> 
     </span>
     <span class='ocr_line' id='line_1_41' title="bbox 293 4906 2750 4990; baseline -0.001 -17"><span class='ocrx_word' id='word_1_365' title='bbox 293 4912 602 4986; x_wconf 75' lang='lat' dir='ltr'><strong>comitatu</strong></span> <span class='ocrx_word' id='word_1_366' title='bbox 671 4906 1156 4980; x_wconf 69' lang='lat' dir='ltr'><strong>Heret&#39;ordensi,</strong></span> <span class='ocrx_word' id='word_1_367' title='bbox 1221 4925 1390 4967; x_wconf 88' lang='lat' dir='ltr'><strong>anno</strong></span> <span class='ocrx_word' id='word_1_368' title='bbox 1466 4908 1642 4986; x_wconf 81' lang='lat' dir='ltr'><strong>regni</strong></span> <span class='ocrx_word' id='word_1_369' title='bbox 1712 4908 1900 4987; x_wconf 87' lang='lat' dir='ltr'><strong>Regis</strong></span> <span class='ocrx_word' id='word_1_370' title='bbox 1989 4909 2306 4981; x_wconf 85' lang='lat' dir='ltr'><strong>Edwardi,</strong></span> <span class='ocrx_word' id='word_1_371' title='bbox 2378 4909 2491 4969; x_wconf 90' lang='lat' dir='ltr'><strong>filii</strong></span> <span class='ocrx_word' id='word_1_372' title='bbox 2558 4910 2750 4990; x_wconf 87' lang='lat' dir='ltr'><strong>Regis</strong></span> 
     </span>
    </p>
   </div>
   <div class='ocr_carea' id='block_1_4' title="bbox 3386 4 3393 711">
    <p class='ocr_par' dir='ltr' id='par_1_4' title="bbox 3386 4 3393 711">
     <span class='ocr_line' id='line_1_42' title="bbox 3386 4 3393 711; baseline 0 0"><span class='ocrx_word' id='word_1_373' title='bbox 3386 4 3393 711; x_wconf 95' lang='lat' dir='ltr'><strong> </strong></span> 
     </span>
    </p>
   </div>
  </div>
 </body>
</html>
