3459 5617
1161 478 1462 557 Episcopi
1514 477 1997 558 Heresordensis.
2730 484 2811 543 53

359 703 492 764 Feb.
524 702 794 763 9.—The
823 703 984 763 Earl
1009 704 1078 783 os
1103 704 1449 765 Gloucester
1473 724 1599 764 was
1628 704 1918 775 essoined,
1949 705 2075 765 and
2106 704 2202 765 the
2230 726 2363 765 case
2397 704 2755 783 adjourned.

513 858 1183 920 Gnouonst1A.—-Ad
1253 859 1419 921 diem
1485 861 1660 921 illam
1729 861 2083 940 Episcopus
2151 861 2381 941 optulit
2451 880 2519 922 se
2593 882 2813 924 versus

357 964 639 1035 eundem,
684 972 750 1023 et
793 964 1019 1025 Comes
1059 964 1176 1025 fuit
1217 966 1576 1025 essoniatus
1623 966 1702 1027 de
1748 967 1914 1026 malo
1966 967 2252 1027 veniendi
2267 969 2307 1039 ;1
2357 965 2579 1027 habuit
2638 966 2807 1027 diem

356 1089 558 1132 coram
589 1070 762 1150 Rege
791 1069 1164 1151 ubicunque,
1195 1076 1339 1141 etc„
1371 1090 1410 1131 a
1437 1070 1539 1132 die
1567 1072 1813 1132 Pasche
1843 1074 1907 1132 in
1938 1091 2134 1133 unum
2165 1091 2471 1134 mensem.

359 1316 475 1377 The
508 1316 684 1457 Ealzlt
710 1322 816 1376 not
857 1314 1192 1395 appear-inq
1233 1316 1304 1375 in
1349 1315 1535 1405 Gourt
1581 1316 1690 1375 has
1738 1322 1794 1376 to
1828 1316 2084 1395 provide
2130 1316 2259 1377 bail
2287 1318 2396 1396 sor
2436 1336 2813 1397 appearance

683 1417 768 1457 er.

109 1554 180 1593 foi.
207 1555 281 1595 ια».
513 1541 1134 1601 Gnoucnemu.—A
1160 1540 1258 1599 die
1288 1539 1532 1600 Pasche
1563 1540 1626 1599 in
1655 1560 1853 1600 unum
1885 1560 2166 1601 mensem
2195 1541 2549 1621 Episcopus
2580 1542 2811 1620 optulit

353 1665 418 1706 se
471 1666 690 1707 versus
746 1646 1014 1707 eundem
1073 1646 1399 1717 Comitem,
1459 1654 1522 1705 et
1577 1646 1712 1725 ipse
1769 1666 1895 1706 non
1950 1648 2143 1707 venit.
2248 1647 2287 1707 J
2292 1646 2584 1708 udicatur
2640 1646 2809 1726 quod

351 1758 621 1829 ponatur
649 1770 760 1829 per
779 1751 1031 1811 vadium
1050 1760 1114 1812 et
1137 1751 1344 1811 salvos
1365 1752 1601 1830 plegios
1623 1752 1713 1812 ita
1734 1752 1899 1831 quod
1924 1752 2006 1812 sit
2029 1772 2237 1813 coram
2266 1754 2434 1832 Rege
2452 1752 2810 1833 ubicunque

353 1864 466 1917 etc.
497 1856 564 1916 in
595 1857 854 1917 Octabis
886 1857 1116 1918 Sancte
1145 1858 1472 1918 Trinitatis
1500 1866 1622 1918 etc.
1655 1857 1735 1917 ad
1762 1858 2269 1937 respondendum
2298 1859 2465 1919 dicto
2496 1858 2815 1937 Episcopo

353 1968 420 2023 ut
447 1982 660 2041 supra,
691 1968 754 2022 et
785 1962 865 2023 ad
894 1962 1353 2022 ostendendum
1381 1982 1572 2041 quare
1616 1980 1742 2022 non
1784 1964 2060 2025 servavit
2101 1963 2268 2024 diem
2298 1961 2417 2023 sibi
2449 1963 2663 2024 datam
2694 1982 2808 2040 per

351 2066 798 2129 essoniatorem
819 2087 1002 2129 suum
1027 2086 1064 2127 a
1086 2066 1187 2127 die
1209 2067 1454 2128 Pasche
1475 2070 1539 2128 in
1565 2088 1759 2128 unum
1783 2088 2087 2141 mensem,
2114 2070 2275 2129 sicut
2299 2069 2415 2130 sibi
2444 2077 2810 2148 preceptum

353 2174 491 2234 fuit.

351 2430 562 2509 Ample
591 2430 737 2491 time
767 2430 876 2491 has
920 2430 1060 2489 been
1099 2430 1351 2490 allowed
1378 2431 1489 2510 sor
1531 2430 1626 2490 the
1669 2430 2144 2509 adjournments,
2190 2431 2295 2490 but
2341 2430 2435 2491 the
2476 2431 2702 2509 περῶσι
2744 2432 2817 2510 of

596 2512 694 2571 the
751 2510 984 2601 bailiffs
1039 2512 1109 2591 of
1163 2511 1554 2588 Tewkesbury
1607 2511 1715 2571 has
1772 2512 1993 2571 caused
2047 2511 2244 2589 dewy,
2302 2510 2426 2570 and
2480 2531 2520 2570 a
2574 2512 2809 2572 shorter

593 2592 860 2652 interval
899 2611 954 2651 is
995 2612 1128 2652 now
1159 2592 1373 2670 fittinq
1417 2592 1487 2651 in
1529 2592 1626 2651 the
1666 2592 1915 2652 interest
1956 2591 2026 2670 of
2070 2591 2166 2651 the
2206 2591 2461 2671 Bishop.

513 2752 651 2812 Nec
691 2758 902 2829 potest
946 2751 1327 2811 occasionari
1369 2750 1720 2829 assignacio
1757 2750 1942 2811 istius
1970 2750 2093 2810 diei
2122 2756 2375 2829 propter
2402 2768 2582 2809 suam
2613 2747 2811 2809 brevi-

351 2866 571 2929 tatem,
607 2878 754 2918 cum
803 2856 1122 2917 contineat
1173 2876 1452 2916 mensem
1502 2855 1871 2935 perfectum,
1919 2864 1981 2916 et
2026 2856 2065 2916 J
2070 2856 2283 2917 udices
2329 2875 2404 2915 ex
2449 2856 2650 2916 officio
2696 2873 2812 2916 suo

349 2964 510 3025 tales
565 2964 702 3023 dies
759 2962 1075 3040 assignare
1133 2970 1610 3022 consueverunt.
1719 2962 1845 3022 Hic
1898 2967 2105 3022 autem
2167 2961 2299 3023 Rex
2352 2968 2415 3023 et
2465 2961 2814 3023 Consilium

349 3088 533 3130 suum
575 3068 616 3129 J
619 3069 960 3129 usticiariis
1005 3068 1460 3128 mandaverunt
1503 3068 1669 3147 quod
1704 3069 1769 3127 in
1800 3068 1939 3128 istis
1969 3067 2400 3141 dilacionibus,
2432 3088 2553 3148 que
2584 3069 2811 3130 merito

349 3180 496 3235 sunt
540 3174 827 3243 attende,
872 3174 1144 3252 graciam
1189 3174 1463 3234 facerent
1507 3174 1823 3251 Episcopo
1866 3193 2055 3253 quam
2097 3181 2377 3251 possent,
2409 3174 2561 3234 dum
2596 3182 2812 3235 tamen

347 3281 512 3359 parti
553 3279 816 3340 adverse
853 3298 1212 3357 expressam
1253 3278 1548 3356 injuriam
1597 3298 1722 3338 non
1770 3279 2093 3339 inferrent.
2182 3279 2349 3338 Item
2395 3280 2560 3358 quod
2606 3279 2813 3341 dictus

350 3386 577 3447 Comes
605 3404 818 3444 coram
849 3386 1018 3464 Rege
1061 3392 1123 3443 et
1167 3402 1280 3444 suo
1324 3384 1616 3456 Consilio,
1661 3404 1905 3445 necnon
1947 3396 2011 3445 et
2054 3385 2309 3445 domino
2354 3384 2680 3467 R[adulio]
2731 3385 2809 3446 de

348 3491 711 3570 Hengham‚
741 3495 804 3551 et
831 3489 870 3549 J
873 3490 1208 3550 usticiariis
1250 3490 1377 3551 fere
1419 3491 1710 3550 omnibus
1754 3492 2103 3569 comparuit
2134 3490 2516 3569 placitandO,
2548 3499 2612 3553 et
2643 3491 2810 3551 diem

349 3598 741 3675 assignatum
771 3595 1150 3656 assumendo
1183 3596 1554 3674 respondere
1598 3596 1946 3668 videbatur,
1992 3598 2089 3656 vel
2131 3603 2565 3675 contemptum
2608 3598 2812 3658 facere

347 3701 412 3761 in
443 3722 568 3761 non
597 3700 1070 3780 respondendo;
1115 3700 1364 3761 racione
1393 3702 1573 3780 cujus
1608 3713 2011 3781 contemptus
2055 3706 2280 3764 merito
2322 3703 2539 3765 debuit
2580 3704 2812 3766 habere

351 3807 598 3881 brevem
646 3807 828 3869 diem.
913 3807 1080 3866 Item
1124 3826 1234 3885 per
1262 3807 1575 3868 defectum
1619 3808 1833 3869 ballivi
1877 3810 2185 3869 libertatis
2228 3810 2378 3870 dicti
2430 3810 2692 3871 Comitis
2731 3810 2810 3871 de

348 3911 776 3989 Thekesbury,
808 3912 916 3991 qui
944 3912 1314 3972 mandatum
1343 3912 1727 3973 vicecomitis
1774 3934 1898 3974 non
1945 3914 2274 3995 exequitur
2325 3916 2487 3975 sicut
2533 3915 2807 3989 deberet,

347 4016 553 4095 perdit
583 4017 957 4078 multociens
985 4015 1190 4077 dictus
1233 4017 1586 4097 Episcopus
1614 4018 1749 4079 dies
1788 4038 1955 4079 suos.
2040 4019 2127 4079 Et
2172 4027 2503 4099 propterea
2545 4041 2671 4081 non
2713 4027 2813 4082 est

348 4122 577 4181 mirum
609 4120 663 4180 si
693 4120 1042 4201 Episcopus
1071 4121 1136 4181 in
1166 4121 1472 4183 brevitate
1501 4122 1741 4183 dierum
1774 4123 2116 4184 allevietur.

349 4390 512 4451 June
554 4389 902 4449 12.—Writ
946 4396 1002 4450 to
1048 4389 1145 4449 the
1189 4391 1424 4470 Sheriff
1457 4392 1526 4470 of
1571 4392 1919 4452 Gloucester
1971 4400 2028 4452 to
2070 4391 2345 4451 distrain
2391 4412 2471 4452 on
2514 4394 2610 4452 the
2651 4394 2813 4453 Earl

593 4470 718 4531 and
762 4471 911 4531 have
954 4469 1083 4530 him
1123 4471 1193 4531 in
1238 4472 1425 4532 court
1466 4493 1545 4532 on
1587 4474 1739 4550 July
1785 4478 1839 4533 8.

513 4627 887 4700 Edwardus‚
911 4638 1056 4699 eto„
1087 4628 1455 4689 Vicecomiti
1478 4630 1869 4690 Gloucestrie
1900 4630 2192 4691 salutem.
2278 4629 2665 4707 Precipimus
2697 4629 2810 4689 tibi

349 4734 519 4813 quod
563 4734 901 4811 distringas
943 4733 1296 4794 Gilbertum
1342 4734 1420 4794 de
1464 4734 1663 4807 Clare,
1711 4736 2021 4795 Comitem
2067 4735 2460 4795 Gloucestrie
2504 4742 2569 4795 et
2620 4736 2807 4795 Hert-

477 4861 658 4901 l—This
701 4860 957 4901 essom'um
999 4872 1102 4903 was
1146 4873 1174 4901 a
1219 4861 1320 4908 olea
1363 4861 1413 4902 of
1455 4862 1668 4904 accident
1711 4874 1767 4903 or
1809 4861 2113 4909 involuntary
2159 4861 2295 4907 delay
2343 4872 2403 4902 on
2450 4862 2533 4902 the
2581 4860 2709 4907 road.
2756 4872 2814 4902 as

345 4910 690 4957 distinguished
719 4910 842 4951 from
867 4911 1122 4952 ess-sortium
1149 4911 1208 4951 de
1234 4910 1367 4952 malo
1394 4910 1528 4959 lecti.
1556 4914 1638 4954 the
1666 4913 1769 4959 olea
1796 4912 1845 4953 of
1872 4912 2034 4952 illness
2061 4917 2114 4953 at
2143 4913 2296 4953 home.
