<?xml version="1.0" encoding="UTF-8"?>
<!DOCTYPE html PUBLIC "-//W3C//DTD XHTML 1.0 Transitional//EN"
    "http://www.w3.org/TR/xhtml1/DTD/xhtml1-transitional.dtd">
<html xmlns="http://www.w3.org/1999/xhtml" xml:lang="en" lang="en">
 <head>
  <title>
</title>
<meta http-equiv="Content-Type" content="text/html;charset=utf-8" />
  <meta name='ocr-system' content='tesseract 3.04.00' />
  <meta name='ocr-capabilities' content='ocr_page ocr_carea ocr_par ocr_line ocrx_word'/>
</head>
<body>
  <div class='ocr_page' id='page_1' title='image "./canterburyandyo00unkngoog_0112.png"; bbox 0 0 3459 5617; ppageno 0'>
   <div class='ocr_carea' id='block_1_1' title="bbox 119 4480 252 4523">
    <p class='ocr_par' dir='ltr' id='par_1_1' title="bbox 119 4480 252 4523">
     <span class='ocr_line' id='line_1_1' title="bbox 119 4480 252 4523; baseline 0.038 -5"><span class='ocrx_word' id='word_1_1' title='bbox 119 4480 197 4521; x_wconf 73' lang='lat' dir='ltr'><strong>Pol.</strong></span> <span class='ocrx_word' id='word_1_2' title='bbox 217 4484 252 4523; x_wconf 76' lang='lat'><strong>9.</strong></span> 
     </span>
    </p>
   </div>
   <div class='ocr_carea' id='block_1_2' title="bbox 1193 503 2841 585">
    <p class='ocr_par' dir='ltr' id='par_1_2' title="bbox 1193 503 2841 585">
     <span class='ocr_line' id='line_1_2' title="bbox 1193 503 2841 585; baseline 0.005 -23"><span class='ocrx_word' id='word_1_3' title='bbox 1193 503 1490 583; x_wconf 80' lang='lat' dir='ltr'><strong><em>Episcopi</em></strong></span> <span class='ocrx_word' id='word_1_4' title='bbox 1545 505 2029 585; x_wconf 77' lang='lat' dir='ltr'><strong>Hercfordensis.</strong></span> <span class='ocrx_word' id='word_1_5' title='bbox 2762 509 2841 570; x_wconf 79' lang='lat'><strong>21</strong></span> 
     </span>
    </p>
   </div>
   <div class='ocr_carea' id='block_1_3' title="bbox 360 726 2845 1745">
    <p class='ocr_par' dir='ltr' id='par_1_3' title="bbox 360 726 2845 1745">
     <span class='ocr_line' id='line_1_3' title="bbox 366 726 2839 812; baseline 0.003 -25"><span class='ocrx_word' id='word_1_6' title='bbox 366 726 706 790; x_wconf 84' lang='lat' dir='ltr'><strong>denienses</strong></span> <span class='ocrx_word' id='word_1_7' title='bbox 754 727 927 807; x_wconf 88' lang='lat' dir='ltr'><strong>quod</strong></span> <span class='ocrx_word' id='word_1_8' title='bbox 981 728 1278 812; x_wconf 87' lang='lat' dir='ltr'><strong>ballivam</strong></span> <span class='ocrx_word' id='word_1_9' title='bbox 1332 729 1654 790; x_wconf 81' lang='lat' dir='ltr'><strong>foresterie</strong></span> <span class='ocrx_word' id='word_1_10' title='bbox 1703 730 1781 790; x_wconf 88' lang='lat' dir='ltr'><strong>de</strong></span> <span class='ocrx_word' id='word_1_11' title='bbox 1840 731 2169 812; x_wconf 79' lang='lat' dir='ltr'><strong>Ledebyry</strong></span> <span class='ocrx_word' id='word_1_12' title='bbox 2222 732 2430 794; x_wconf 84' lang='lat' dir='ltr'><strong>North</strong></span> <span class='ocrx_word' id='word_1_13' title='bbox 2485 732 2645 795; x_wconf 90' lang='lat' dir='ltr'><strong>bene</strong></span> <span class='ocrx_word' id='word_1_14' title='bbox 2700 753 2839 795; x_wconf 90' lang='lat' dir='ltr'><strong>cus·</strong></span> 
     </span>
     <span class='ocr_line' id='line_1_4' title="bbox 365 833 2845 915; baseline 0.003 -21"><span class='ocrx_word' id='word_1_15' title='bbox 365 833 564 895; x_wconf 86' lang='lat' dir='ltr'><strong>todiet</strong></span> <span class='ocrx_word' id='word_1_16' title='bbox 604 834 674 894; x_wconf 90' lang='lat' dir='ltr'><strong>in</strong></span> <span class='ocrx_word' id='word_1_17' title='bbox 719 834 1016 895; x_wconf 90' lang='lat' dir='ltr'><strong>omnibus</strong></span> <span class='ocrx_word' id='word_1_18' title='bbox 1057 834 1222 895; x_wconf 89' lang='lat' dir='ltr'><strong>sicut</strong></span> <span class='ocrx_word' id='word_1_19' title='bbox 1271 835 1450 896; x_wconf 90' lang='lat' dir='ltr'><strong>decet</strong></span> <span class='ocrx_word' id='word_1_20' title='bbox 1492 855 1605 915; x_wconf 91' lang='lat' dir='ltr'><strong>pro</strong></span> <span class='ocrx_word' id='word_1_21' title='bbox 1647 855 1833 915; x_wconf 88' lang='lat' dir='ltr'><strong>posse</strong></span> <span class='ocrx_word' id='word_1_22' title='bbox 1882 856 2016 908; x_wconf 89' lang='lat' dir='ltr'><strong>suo,</strong></span> <span class='ocrx_word' id='word_1_23' title='bbox 2062 846 2127 897; x_wconf 90' lang='lat' dir='ltr'><strong>et</strong></span> <span class='ocrx_word' id='word_1_24' title='bbox 2175 839 2242 899; x_wconf 92' lang='lat' dir='ltr'><strong>in</strong></span> <span class='ocrx_word' id='word_1_25' title='bbox 2294 838 2463 900; x_wconf 86' lang='lat' dir='ltr'><strong>dicta</strong></span> <span class='ocrx_word' id='word_1_26' title='bbox 2504 839 2736 901; x_wconf 86' lang='lat' dir='ltr'><strong>balliva</strong></span> <span class='ocrx_word' id='word_1_27' title='bbox 2778 846 2845 901; x_wconf 88' lang='lat' dir='ltr'><strong>et</strong></span> 
     </span>
     <span class='ocr_line' id='line_1_5' title="bbox 363 938 2835 1025; baseline 0.003 -26"><span class='ocrx_word' id='word_1_28' title='bbox 363 938 429 999; x_wconf 89' lang='lat' dir='ltr'><strong>iu</strong></span> <span class='ocrx_word' id='word_1_29' title='bbox 470 940 774 1001; x_wconf 91' lang='lat' dir='ltr'><strong>omnibus</strong></span> <span class='ocrx_word' id='word_1_30' title='bbox 817 941 958 1001; x_wconf 87' lang='lat' dir='ltr'><strong>aliis</strong></span> <span class='ocrx_word' id='word_1_31' title='bbox 999 942 1202 1020; x_wconf 90' lang='lat' dir='ltr'><strong>ipsam</strong></span> <span class='ocrx_word' id='word_1_32' title='bbox 1244 941 1646 1021; x_wconf 71' lang='lat' dir='ltr'><strong>tangentibus</strong></span> <span class='ocrx_word' id='word_1_33' title='bbox 1696 942 1964 1003; x_wconf 87' lang='lat' dir='ltr'><strong>fideliter</strong></span> <span class='ocrx_word' id='word_1_34' title='bbox 2006 962 2071 1003; x_wconf 88' lang='lat' dir='ltr'><strong>se</strong></span> <span class='ocrx_word' id='word_1_35' title='bbox 2121 943 2377 1005; x_wconf 88' lang='lat' dir='ltr'><strong>habebit</strong></span> <span class='ocrx_word' id='word_1_36' title='bbox 2420 951 2481 1006; x_wconf 89' lang='lat' dir='ltr'><strong>et</strong></span> <span class='ocrx_word' id='word_1_37' title='bbox 2522 947 2835 1025; x_wconf 76' lang='lat' dir='ltr'>preceptis</span> 
     </span>
     <span class='ocr_line' id='line_1_6' title="bbox 360 1046 2835 1125; baseline 0.002 -18"><span class='ocrx_word' id='word_1_38' title='bbox 360 1046 592 1107; x_wconf 87' lang='lat' dir='ltr'><strong>vestris</strong></span> <span class='ocrx_word' id='word_1_39' title='bbox 643 1054 710 1107; x_wconf 91' lang='lat' dir='ltr'><strong>et</strong></span> <span class='ocrx_word' id='word_1_40' title='bbox 759 1047 1023 1107; x_wconf 92' lang='lat' dir='ltr'><strong>aliorum</strong></span> <span class='ocrx_word' id='word_1_41' title='bbox 1075 1047 1466 1125; x_wconf 82' lang='lat' dir='ltr'>superiorum</span> <span class='ocrx_word' id='word_1_42' title='bbox 1515 1067 1772 1108; x_wconf 85' lang='lat' dir='ltr'><strong>suorum</strong></span> <span class='ocrx_word' id='word_1_43' title='bbox 1828 1049 2059 1109; x_wconf 81' lang='lat' dir='ltr'><strong>ibidem</strong></span> <span class='ocrx_word' id='word_1_44' title='bbox 2108 1050 2358 1111; x_wconf 79' lang='lat' dir='ltr'><strong>obediet</strong></span> <span class='ocrx_word' id='word_1_45' title='bbox 2409 1051 2475 1110; x_wconf 92' lang='lat' dir='ltr'><strong>in</strong></span> <span class='ocrx_word' id='word_1_46' title='bbox 2524 1051 2712 1112; x_wconf 87' lang='lat' dir='ltr'><strong>licitis</strong></span> <span class='ocrx_word' id='word_1_47' title='bbox 2770 1057 2835 1112; x_wconf 88' lang='lat' dir='ltr'><strong>et</strong></span> 
     </span>
     <span class='ocr_line' id='line_1_7' title="bbox 363 1152 2835 1235; baseline 0.003 -23"><span class='ocrx_word' id='word_1_48' title='bbox 363 1152 694 1225; x_wconf 87' lang='lat' dir='ltr'><strong>honestis;</strong></span> <span class='ocrx_word' id='word_1_49' title='bbox 757 1173 833 1214; x_wconf 89' lang='lat' dir='ltr'><strong>ac</strong></span> <span class='ocrx_word' id='word_1_50' title='bbox 896 1172 1082 1232; x_wconf 88' lang='lat' dir='ltr'><strong>super</strong></span> <span class='ocrx_word' id='word_1_51' title='bbox 1143 1153 1264 1214; x_wconf 89' lang='lat' dir='ltr'><strong>hiis</strong></span> <span class='ocrx_word' id='word_1_52' title='bbox 1331 1153 1672 1233; x_wconf 87' lang='lat' dir='ltr'><strong>prestiterit</strong></span> <span class='ocrx_word' id='word_1_53' title='bbox 1728 1154 2159 1232; x_wconf 86' lang='lat' dir='ltr'><strong>juramentum</strong></span> <span class='ocrx_word' id='word_1_54' title='bbox 2229 1157 2591 1235; x_wconf 81' lang='lat' dir='ltr'><strong>corporale;</strong></span> <span class='ocrx_word' id='word_1_55' title='bbox 2658 1156 2835 1219; x_wconf 85' lang='lat' dir='ltr'><strong>vobis</strong></span> 
     </span>
     <span class='ocr_line' id='line_1_8' title="bbox 364 1258 2833 1340; baseline 0.002 -22"><span class='ocrx_word' id='word_1_56' title='bbox 364 1259 749 1320; x_wconf 78' lang='lat' dir='ltr'><strong>mandamus</strong></span> <span class='ocrx_word' id='word_1_57' title='bbox 805 1260 1105 1340; x_wconf 76' lang='lat' dir='ltr'><strong>quatinus</strong></span> <span class='ocrx_word' id='word_1_58' title='bbox 1162 1258 1401 1319; x_wconf 90' lang='lat' dir='ltr'><strong>dictum</strong></span> <span class='ocrx_word' id='word_1_59' title='bbox 1449 1259 1488 1320; x_wconf 87' lang='lat' dir='ltr'><strong>J</strong></span> <span class='ocrx_word' id='word_1_60' title='bbox 1510 1260 1871 1339; x_wconf 88' lang='lat' dir='ltr'><strong>[ohannem]</strong></span> <span class='ocrx_word' id='word_1_61' title='bbox 1937 1261 2019 1321; x_wconf 92' lang='lat' dir='ltr'><strong>ad</strong></span> <span class='ocrx_word' id='word_1_62' title='bbox 2067 1262 2545 1322; x_wconf 86' lang='lat' dir='ltr'><strong>custodiendum</strong></span> <span class='ocrx_word' id='word_1_63' title='bbox 2595 1263 2833 1324; x_wconf 85' lang='lat' dir='ltr'><strong>dictam</strong></span> 
     </span>
     <span class='ocr_line' id='line_1_9' title="bbox 363 1364 2833 1445; baseline 0.002 -21"><span class='ocrx_word' id='word_1_64' title='bbox 363 1364 670 1425; x_wconf 80' lang='lat' dir='ltr'><strong>ballivam</strong></span> <span class='ocrx_word' id='word_1_65' title='bbox 727 1364 1070 1426; x_wconf 72' lang='lat' dir='ltr'><strong>liberaliter</strong></span> <span class='ocrx_word' id='word_1_66' title='bbox 1123 1365 1498 1437; x_wconf 83' lang='lat' dir='ltr'><strong>admittatis,</strong></span> <span class='ocrx_word' id='word_1_67' title='bbox 1551 1366 1756 1445; x_wconf 82' lang='lat' dir='ltr'><strong>ipsam</strong></span> <span class='ocrx_word' id='word_1_68' title='bbox 1811 1366 2109 1428; x_wconf 88' lang='lat' dir='ltr'><strong>ballivam</strong></span> <span class='ocrx_word' id='word_1_69' title='bbox 2164 1387 2275 1428; x_wconf 92' lang='lat' dir='ltr'><strong>sue</strong></span> <span class='ocrx_word' id='word_1_70' title='bbox 2329 1368 2609 1429; x_wconf 77' lang='lat' dir='ltr'><strong>custodie</strong></span> <span class='ocrx_word' id='word_1_71' title='bbox 2664 1389 2833 1430; x_wconf 92' lang='lat' dir='ltr'><strong>com-</strong></span> 
     </span>
     <span class='ocr_line' id='line_1_10' title="bbox 361 1469 2833 1553; baseline 0.002 -23"><span class='ocrx_word' id='word_1_72' title='bbox 361 1470 720 1531; x_wconf 87' lang='lat' dir='ltr'><strong>mittentes.</strong></span> <span class='ocrx_word' id='word_1_73' title='bbox 793 1470 973 1530; x_wconf 87' lang='lat' dir='ltr'><strong>Idem</strong></span> <span class='ocrx_word' id='word_1_74' title='bbox 1001 1470 1168 1531; x_wconf 90' lang='lat' dir='ltr'><strong>enim</strong></span> <span class='ocrx_word' id='word_1_75' title='bbox 1197 1469 1236 1530; x_wconf 87' lang='lat' dir='ltr'><strong>J</strong></span> <span class='ocrx_word' id='word_1_76' title='bbox 1241 1471 1544 1543; x_wconf 87' lang='lat' dir='ltr'><strong>ohannes,</strong></span> <span class='ocrx_word' id='word_1_77' title='bbox 1577 1471 1876 1551; x_wconf 85' lang='lat' dir='ltr'><strong>expositis</strong></span> <span class='ocrx_word' id='word_1_78' title='bbox 1905 1472 2023 1533; x_wconf 90' lang='lat' dir='ltr'><strong>sibi</strong></span> <span class='ocrx_word' id='word_1_79' title='bbox 2060 1473 2386 1551; x_wconf 78' lang='lat' dir='ltr'><strong>particulis</strong></span> <span class='ocrx_word' id='word_1_80' title='bbox 2420 1493 2540 1552; x_wconf 90' lang='lat' dir='ltr'><strong>que</strong></span> <span class='ocrx_word' id='word_1_81' title='bbox 2573 1481 2833 1553; x_wconf 80' lang='lat' dir='ltr'><strong>possent</strong></span> 
     </span>
     <span class='ocr_line' id='line_1_11' title="bbox 364 1575 2830 1659; baseline 0.002 -23"><span class='ocrx_word' id='word_1_82' title='bbox 364 1595 709 1655; x_wconf 87' lang='lat' dir='ltr'><strong>emergere,</strong></span> <span class='ocrx_word' id='word_1_83' title='bbox 768 1575 1214 1638; x_wconf 75' lang='lat' dir='ltr'><strong>nichilominus</strong></span> <span class='ocrx_word' id='word_1_84' title='bbox 1268 1597 1428 1639; x_wconf 91' lang='lat' dir='ltr'><strong>onus</strong></span> <span class='ocrx_word' id='word_1_85' title='bbox 1483 1577 1646 1637; x_wconf 87' lang='lat' dir='ltr'><strong>dicte</strong></span> <span class='ocrx_word' id='word_1_86' title='bbox 1702 1577 1985 1639; x_wconf 90' lang='lat' dir='ltr'><strong>custodie</strong></span> <span class='ocrx_word' id='word_1_87' title='bbox 2041 1577 2157 1638; x_wconf 88' lang='lat' dir='ltr'><strong>sibi</strong></span> <span class='ocrx_word' id='word_1_88' title='bbox 2211 1578 2405 1657; x_wconf 89' lang='lat' dir='ltr'><strong>gratis</strong></span> <span class='ocrx_word' id='word_1_89' title='bbox 2460 1581 2830 1659; x_wconf 82' lang='lat' dir='ltr'><strong>assumpsit.</strong></span> 
     </span>
     <span class='ocr_line' id='line_1_12' title="bbox 365 1682 2253 1745; baseline 0.001 -2"><span class='ocrx_word' id='word_1_90' title='bbox 365 1682 674 1744; x_wconf 87' lang='lat' dir='ltr'><strong>Valcatis.</strong></span> <span class='ocrx_word' id='word_1_91' title='bbox 764 1683 1005 1743; x_wconf 91' lang='lat' dir='ltr'><strong>Datum</strong></span> <span class='ocrx_word' id='word_1_92' title='bbox 1050 1683 1393 1744; x_wconf 88' lang='lat' dir='ltr'><strong>Londoniis</strong></span> <span class='ocrx_word' id='word_1_93' title='bbox 1434 1684 1498 1743; x_wconf 90' lang='lat' dir='ltr'><strong>in</strong></span> <span class='ocrx_word' id='word_1_94' title='bbox 1541 1684 1820 1745; x_wconf 89' lang='lat' dir='ltr'><strong>crastino</strong></span> <span class='ocrx_word' id='word_1_95' title='bbox 1863 1684 2253 1745; x_wconf 86' lang='lat' dir='ltr'><strong>Animarum.</strong></span> 
     </span>
    </p>
   </div>
   <div class='ocr_carea' id='block_1_4' title="bbox 367 1989 2840 2231">
    <p class='ocr_par' dir='ltr' id='par_1_4' title="bbox 367 1989 2840 2231">
     <span class='ocr_line' id='line_1_13' title="bbox 367 1989 2833 2071; baseline 0.001 -20"><span class='ocrx_word' id='word_1_96' title='bbox 367 1990 516 2051; x_wconf 78' lang='lat' dir='ltr'><strong>Jan.</strong></span> <span class='ocrx_word' id='word_1_97' title='bbox 562 1990 758 2050; x_wconf 84' lang='lat' dir='ltr'><strong><em>3.-A</em></strong></span> <span class='ocrx_word' id='word_1_98' title='bbox 809 1996 992 2068; x_wconf 75' lang='lat' dir='ltr'><strong>qrant</strong></span> <span class='ocrx_word' id='word_1_99' title='bbox 1038 1989 1113 2067; x_wconf 73' lang='lat' dir='ltr'><strong>by</strong></span> <span class='ocrx_word' id='word_1_100' title='bbox 1158 1989 1394 2069; x_wconf 79' lang='lat' dir='ltr'><strong>Bishop</strong></span> <span class='ocrx_word' id='word_1_101' title='bbox 1445 1990 1612 2051; x_wconf 77' lang='lat' dir='ltr'><strong>John</strong></span> <span class='ocrx_word' id='word_1_102' title='bbox 1660 1989 1711 2050; x_wconf 82' lang='lat' dir='ltr'><strong>le</strong></span> <span class='ocrx_word' id='word_1_103' title='bbox 1756 1990 1983 2051; x_wconf 81' lang='lat' dir='ltr'><strong>Brcton</strong></span> <span class='ocrx_word' id='word_1_104' title='bbox 2022 1990 2092 2069; x_wconf 81' lang='lat' dir='ltr'><strong>of</strong></span> <span class='ocrx_word' id='word_1_105' title='bbox 2131 2012 2173 2051; x_wconf 87' lang='lat' dir='ltr'><strong>a</strong></span> <span class='ocrx_word' id='word_1_106' title='bbox 2205 1990 2467 2071; x_wconf 68' lang='lat' dir='ltr'><strong>pens-ion</strong></span> <span class='ocrx_word' id='word_1_107' title='bbox 2508 2000 2567 2053; x_wconf 82' lang='lat' dir='ltr'><strong>to</strong></span> <span class='ocrx_word' id='word_1_108' title='bbox 2608 1992 2833 2064; x_wconf 80' lang='lat' dir='ltr'><strong>Bodro,</strong></span> 
     </span>
     <span class='ocr_line' id='line_1_14' title="bbox 619 2070 2840 2152; baseline 0.001 -21"><span class='ocrx_word' id='word_1_109' title='bbox 619 2070 838 2131; x_wconf 80' lang='lat' dir='ltr'><strong>Canon</strong></span> <span class='ocrx_word' id='word_1_110' title='bbox 895 2071 966 2151; x_wconf 89' lang='lat' dir='ltr'><strong>of</strong></span> <span class='ocrx_word' id='word_1_111' title='bbox 1013 2070 1280 2142; x_wconf 78' lang='lat' dir='ltr'><strong>Valencc,</strong></span> <span class='ocrx_word' id='word_1_112' title='bbox 1341 2070 1666 2149; x_wconf 78' lang='lat' dir='ltr'><strong>confirmed</strong></span> <span class='ocrx_word' id='word_1_113' title='bbox 1725 2071 1801 2149; x_wconf 73' lang='lat' dir='ltr'><strong>by</strong></span> <span class='ocrx_word' id='word_1_114' title='bbox 1862 2070 1959 2132; x_wconf 64' lang='lat' dir='ltr'><strong>the</strong></span> <span class='ocrx_word' id='word_1_115' title='bbox 2015 2070 2195 2133; x_wconf 77' lang='lat' dir='ltr'><strong>Deam</strong></span> <span class='ocrx_word' id='word_1_116' title='bbox 2249 2072 2377 2133; x_wconf 80' lang='lat' dir='ltr'><strong>and</strong></span> <span class='ocrx_word' id='word_1_117' title='bbox 2438 2072 2705 2152; x_wconf 77' lang='lat' dir='ltr'><strong>Chapter</strong></span> <span class='ocrx_word' id='word_1_118' title='bbox 2764 2073 2840 2134; x_wconf 76' lang='lat' dir='ltr'><strong>in</strong></span> 
     </span>
     <span class='ocr_line' id='line_1_15' title="bbox 615 2150 1799 2231; baseline 0 -20"><span class='ocrx_word' id='word_1_119' title='bbox 615 2155 798 2224; x_wconf 81' lang='lat'><strong>1272,</strong></span> <span class='ocrx_word' id='word_1_120' title='bbox 842 2172 912 2212; x_wconf 75' lang='lat' dir='ltr'><strong>as</strong></span> <span class='ocrx_word' id='word_1_121' title='bbox 954 2150 1263 2213; x_wconf 68' lang='lat' dir='ltr'><strong>exhibitori</strong></span> <span class='ocrx_word' id='word_1_122' title='bbox 1308 2157 1364 2213; x_wconf 82' lang='lat' dir='ltr'><strong>to</strong></span> <span class='ocrx_word' id='word_1_123' title='bbox 1409 2151 1506 2213; x_wconf 67' lang='lat' dir='ltr'><strong>the</strong></span> <span class='ocrx_word' id='word_1_124' title='bbox 1542 2151 1799 2231; x_wconf 77' lang='lat' dir='ltr'><strong>Bishop.</strong></span> 
     </span>
    </p>
   </div>
   <div class='ocr_carea' id='block_1_5' title="bbox 354 2332 2843 4643">
    <p class='ocr_par' dir='ltr' id='par_1_5' title="bbox 354 2332 2843 4643">
     <span class='ocr_line' id='line_1_16' title="bbox 529 2332 2837 2395; baseline 0 -2"><span class='ocrx_word' id='word_1_125' title='bbox 529 2334 817 2393; x_wconf 72' lang='lat' dir='ltr'><strong>Exim-m</strong></span> <span class='ocrx_word' id='word_1_126' title='bbox 887 2333 1155 2394; x_wconf 71' lang='lat' dir='ltr'><strong>Domuo</strong></span> <span class='ocrx_word' id='word_1_127' title='bbox 1221 2349 1292 2392; x_wconf 78' lang='lat' dir='ltr'><strong>m</strong></span> <span class='ocrx_word' id='word_1_128' title='bbox 1359 2349 1670 2392; x_wconf 65' lang='lat' dir='ltr'><strong>onssmmo</strong></span> <span class='ocrx_word' id='word_1_129' title='bbox 1743 2332 2104 2392; x_wconf 71' lang='lat' dir='ltr'><strong>Ammstm</strong></span> <span class='ocrx_word' id='word_1_130' title='bbox 2172 2350 2260 2391; x_wconf 72' lang='lat' dir='ltr'><strong>Du</strong></span> <span class='ocrx_word' id='word_1_131' title='bbox 2322 2350 2641 2393; x_wconf 65' lang='lat' dir='ltr'><strong>Pnnsromz</strong></span> <span class='ocrx_word' id='word_1_132' title='bbox 2710 2350 2837 2395; x_wconf 70' lang='lat'><strong>1²30</strong></span> 
     </span>
     <span class='ocr_line' id='line_1_17' title="bbox 359 2437 2843 2518; baseline -0 -16"><span class='ocrx_word' id='word_1_133' title='bbox 359 2438 1135 2502; x_wconf 56' lang='lat' dir='ltr'><strong>Romanunm—Omnibus</strong></span> <span class='ocrx_word' id='word_1_134' title='bbox 1215 2444 1538 2518; x_wconf 85' lang='lat' dir='ltr'><strong>presentes</strong></span> <span class='ocrx_word' id='word_1_135' title='bbox 1620 2439 1866 2499; x_wconf 87' lang='lat' dir='ltr'><strong>litteras</strong></span> <span class='ocrx_word' id='word_1_136' title='bbox 1934 2437 2310 2518; x_wconf 87' lang='lat' dir='ltr'><strong>inspecturis</strong></span> <span class='ocrx_word' id='word_1_137' title='bbox 2392 2439 2690 2500; x_wconf 91' lang='lat' dir='ltr'><strong>Decanus</strong></span> <span class='ocrx_word' id='word_1_138' title='bbox 2778 2445 2843 2501; x_wconf 87' lang='lat' dir='ltr'><strong>et</strong></span> 
     </span>
     <span class='ocr_line' id='line_1_18' title="bbox 361 2544 2827 2626; baseline -0.001 -17"><span class='ocrx_word' id='word_1_139' title='bbox 361 2547 732 2626; x_wconf 83' lang='lat' dir='ltr'><strong>Capitulum</strong></span> <span class='ocrx_word' id='word_1_140' title='bbox 775 2545 1240 2607; x_wconf 77' lang='lat' dir='ltr'><strong>Herefordense</strong></span> <span class='ocrx_word' id='word_1_141' title='bbox 1282 2545 1551 2605; x_wconf 89' lang='lat' dir='ltr'><strong>salutem</strong></span> <span class='ocrx_word' id='word_1_142' title='bbox 1591 2544 1657 2604; x_wconf 92' lang='lat' dir='ltr'><strong>in</strong></span> <span class='ocrx_word' id='word_1_143' title='bbox 1704 2545 1998 2607; x_wconf 76' lang='lat' dir='ltr'><strong>Domino,</strong></span> <span class='ocrx_word' id='word_1_144' title='bbox 2112 2544 2428 2607; x_wconf 84' lang='lat' dir='ltr'><strong>Noveritis</strong></span> <span class='ocrx_word' id='word_1_145' title='bbox 2472 2563 2608 2617; x_wconf 90' lang='lat' dir='ltr'><strong>nos,</strong></span> <span class='ocrx_word' id='word_1_146' title='bbox 2657 2563 2827 2607; x_wconf 91' lang='lat' dir='ltr'><strong>anno</strong></span> 
     </span>
     <span class='ocr_line' id='line_1_19' title="bbox 365 2650 2831 2724; baseline -0 -11"><span class='ocrx_word' id='word_1_147' title='bbox 365 2652 625 2713; x_wconf 90' lang='lat' dir='ltr'><strong>Domini</strong></span> <span class='ocrx_word' id='word_1_148' title='bbox 687 2650 1120 2713; x_wconf 86' lang='lat' dir='ltr'>M⁰CG⁰LXX⁰</span> <span class='ocrx_word' id='word_1_149' title='bbox 1181 2651 1475 2721; x_wconf 89' lang='lat' dir='ltr'><strong>secundo,</strong></span> <span class='ocrx_word' id='word_1_150' title='bbox 1534 2652 1783 2712; x_wconf 87' lang='lat' dir='ltr'><strong>litteras</strong></span> <span class='ocrx_word' id='word_1_151' title='bbox 1837 2651 2228 2712; x_wconf 82' lang='lat' dir='ltr'><strong>Venerabilis</strong></span> <span class='ocrx_word' id='word_1_152' title='bbox 2285 2651 2515 2724; x_wconf 79' lang='lat' dir='ltr'><strong>Patris,</strong></span> <span class='ocrx_word' id='word_1_153' title='bbox 2570 2650 2831 2712; x_wconf 87' lang='lat' dir='ltr'><strong>Domini</strong></span> 
     </span>
     <span class='ocr_line' id='line_1_20' title="bbox 363 2756 2835 2836; baseline -0.001 -15"><span class='ocrx_word' id='word_1_154' title='bbox 363 2758 702 2830; x_wconf 86' lang='lat' dir='ltr'><strong>Johannis,</strong></span> <span class='ocrx_word' id='word_1_155' title='bbox 759 2757 878 2817; x_wconf 88' lang='lat' dir='ltr'><strong>Dei</strong></span> <span class='ocrx_word' id='word_1_156' title='bbox 925 2757 1134 2835; x_wconf 88' lang='lat' dir='ltr'><strong>gracia</strong></span> <span class='ocrx_word' id='word_1_157' title='bbox 1183 2756 1664 2818; x_wconf 84' lang='lat' dir='ltr'><strong>Herefordensis</strong></span> <span class='ocrx_word' id='word_1_158' title='bbox 1721 2756 2038 2835; x_wconf 86' lang='lat' dir='ltr'><strong>Episcopi,</strong></span> <span class='ocrx_word' id='word_1_159' title='bbox 2092 2757 2323 2818; x_wconf 87' lang='lat' dir='ltr'><strong>vidisse</strong></span> <span class='ocrx_word' id='word_1_160' title='bbox 2379 2761 2441 2818; x_wconf 91' lang='lat' dir='ltr'><strong>et</strong></span> <span class='ocrx_word' id='word_1_161' title='bbox 2490 2756 2714 2836; x_wconf 87' lang='lat' dir='ltr'><strong>legisse</strong></span> <span class='ocrx_word' id='word_1_162' title='bbox 2766 2757 2835 2819; x_wconf 91' lang='lat' dir='ltr'><strong>in</strong></span> 
     </span>
     <span class='ocr_line' id='line_1_21' title="bbox 361 2860 2835 2941; baseline 0 -17"><span class='ocrx_word' id='word_1_163' title='bbox 361 2864 479 2926; x_wconf 86' lang='lat' dir='ltr'><strong>hec</strong></span> <span class='ocrx_word' id='word_1_164' title='bbox 506 2861 848 2933; x_wconf 86' lang='lat' dir='ltr'><strong>verba,—J</strong></span> <span class='ocrx_word' id='word_1_165' title='bbox 870 2860 1200 2939; x_wconf 88' lang='lat' dir='ltr'><strong>[ohannes]</strong></span> <span class='ocrx_word' id='word_1_166' title='bbox 1225 2908 1238 2933; x_wconf 92' lang='lat'><strong>,</strong></span> <span class='ocrx_word' id='word_1_167' title='bbox 1271 2861 1390 2921; x_wconf 89' lang='lat' dir='ltr'><strong>Dei</strong></span> <span class='ocrx_word' id='word_1_168' title='bbox 1422 2860 1634 2940; x_wconf 87' lang='lat' dir='ltr'><strong>gracia</strong></span> <span class='ocrx_word' id='word_1_169' title='bbox 1671 2860 2155 2922; x_wconf 79' lang='lat' dir='ltr'><strong>Herefordensis</strong></span> <span class='ocrx_word' id='word_1_170' title='bbox 2190 2861 2565 2941; x_wconf 83' lang='lat' dir='ltr'><strong>Episcopus,</strong></span> <span class='ocrx_word' id='word_1_171' title='bbox 2602 2862 2835 2925; x_wconf 88' lang='lat' dir='ltr'><strong>dilecto</strong></span> 
     </span>
     <span class='ocr_line' id='line_1_22' title="bbox 361 2964 2821 3043; baseline -0.001 -12"><span class='ocrx_word' id='word_1_172' title='bbox 361 2970 490 3032; x_wconf 84' lang='lat' dir='ltr'><strong>filio</strong></span> <span class='ocrx_word' id='word_1_173' title='bbox 537 2964 824 3030; x_wconf 85' lang='lat' dir='ltr'><strong>Bodr&#39;oni</strong></span> <span class='ocrx_word' id='word_1_174' title='bbox 871 2968 950 3027; x_wconf 89' lang='lat' dir='ltr'><strong>de</strong></span> <span class='ocrx_word' id='word_1_175' title='bbox 1007 2968 1333 3029; x_wconf 78' lang='lat' dir='ltr'><strong>scaccario</strong></span> <span class='ocrx_word' id='word_1_176' title='bbox 1389 2968 1694 3038; x_wconf 89' lang='lat' dir='ltr'><strong>Roman0,</strong></span> <span class='ocrx_word' id='word_1_177' title='bbox 1756 2967 2073 3028; x_wconf 85' lang='lat' dir='ltr'><strong>Canonico</strong></span> <span class='ocrx_word' id='word_1_178' title='bbox 2116 2968 2473 3040; x_wconf 86' lang='lat' dir='ltr'><strong>Valentino,</strong></span> <span class='ocrx_word' id='word_1_179' title='bbox 2527 2968 2821 3043; x_wconf 85' lang='lat' dir='ltr'><strong>salutem,</strong></span> 
     </span>
     <span class='ocr_line' id='line_1_23' title="bbox 362 3072 2833 3153; baseline -0.001 -15"><span class='ocrx_word' id='word_1_180' title='bbox 362 3084 483 3138; x_wconf 89' lang='lat' dir='ltr'><strong>etc.</strong></span> <span class='ocrx_word' id='word_1_181' title='bbox 575 3073 992 3135; x_wconf 87' lang='lat' dir='ltr'><strong>Attendentes</strong></span> <span class='ocrx_word' id='word_1_182' title='bbox 1034 3081 1216 3153; x_wconf 88' lang='lat' dir='ltr'><strong>grata</strong></span> <span class='ocrx_word' id='word_1_183' title='bbox 1257 3072 1516 3134; x_wconf 83' lang='lat' dir='ltr'><strong>servicia</strong></span> <span class='ocrx_word' id='word_1_184' title='bbox 1557 3092 1676 3152; x_wconf 90' lang='lat' dir='ltr'><strong>que</strong></span> <span class='ocrx_word' id='word_1_185' title='bbox 1720 3072 1901 3133; x_wconf 90' lang='lat' dir='ltr'><strong>nobis</strong></span> <span class='ocrx_word' id='word_1_186' title='bbox 1944 3078 2008 3134; x_wconf 87' lang='lat' dir='ltr'><strong>et</strong></span> <span class='ocrx_word' id='word_1_187' title='bbox 2046 3073 2333 3134; x_wconf 75' lang='lat' dir='ltr'><strong>Ecclesia</strong></span> <span class='ocrx_word' id='word_1_188' title='bbox 2374 3078 2587 3135; x_wconf 89' lang='lat' dir='ltr'><strong>nostre</strong></span> <span class='ocrx_word' id='word_1_189' title='bbox 2631 3073 2833 3136; x_wconf 85' lang='lat' dir='ltr'><strong>Here·</strong></span> 
     </span>
     <span class='ocr_line' id='line_1_24' title="bbox 361 3177 2825 3258; baseline -0 -15"><span class='ocrx_word' id='word_1_190' title='bbox 361 3181 642 3243; x_wconf 82' lang='lat' dir='ltr'><strong>fordensi</strong></span> <span class='ocrx_word' id='word_1_191' title='bbox 691 3180 1003 3239; x_wconf 88' lang='lat' dir='ltr'><strong>hactenus</strong></span> <span class='ocrx_word' id='word_1_192' title='bbox 1043 3177 1424 3256; x_wconf 88' lang='lat' dir='ltr'><strong>impendisti,</strong></span> <span class='ocrx_word' id='word_1_193' title='bbox 1471 3197 1749 3239; x_wconf 84' lang='lat' dir='ltr'><strong>annuam</strong></span> <span class='ocrx_word' id='word_1_194' title='bbox 1797 3180 2163 3258; x_wconf 90' lang='lat' dir='ltr'><strong>pensionem</strong></span> <span class='ocrx_word' id='word_1_195' title='bbox 2214 3199 2295 3240; x_wconf 86' lang='lat' dir='ltr'><strong>xx</strong></span> <span class='ocrx_word' id='word_1_196' title='bbox 2349 3199 2702 3240; x_wconf 89' lang='lat' dir='ltr'><strong>marcarum</strong></span> <span class='ocrx_word' id='word_1_197' title='bbox 2745 3181 2825 3243; x_wconf 87' lang='lat' dir='ltr'><strong>de</strong></span> 
     </span>
     <span class='ocr_line' id='line_1_25' title="bbox 361 3284 2829 3363; baseline -0.001 -14"><span class='ocrx_word' id='word_1_198' title='bbox 361 3308 617 3350; x_wconf 86' lang='lat' dir='ltr'><strong>camera</strong></span> <span class='ocrx_word' id='word_1_199' title='bbox 675 3291 894 3347; x_wconf 88' lang='lat' dir='ltr'><strong>nostra</strong></span> <span class='ocrx_word' id='word_1_200' title='bbox 954 3287 1065 3363; x_wconf 88' lang='lat' dir='ltr'><strong>[et]</strong></span> <span class='ocrx_word' id='word_1_201' title='bbox 1126 3291 1486 3345; x_wconf 89' lang='lat' dir='ltr'><strong>nostrorum</strong></span> <span class='ocrx_word' id='word_1_202' title='bbox 1543 3303 1976 3345; x_wconf 89' lang='lat' dir='ltr'><strong>successorum</strong></span> <span class='ocrx_word' id='word_1_203' title='bbox 2035 3284 2169 3357; x_wconf 84' lang='lat' dir='ltr'><strong>tibi,</strong></span> <span class='ocrx_word' id='word_1_204' title='bbox 2215 3286 2343 3345; x_wconf 86' lang='lat' dir='ltr'><strong>tuis</strong></span> <span class='ocrx_word' id='word_1_205' title='bbox 2401 3285 2644 3347; x_wconf 86' lang='lat' dir='ltr'><strong>meritis</strong></span> <span class='ocrx_word' id='word_1_206' title='bbox 2703 3288 2829 3347; x_wconf 87' lang='lat' dir='ltr'><strong>exi-</strong></span> 
     </span>
     <span class='ocr_line' id='line_1_26' title="bbox 362 3390 2831 3475; baseline -0.001 -19"><span class='ocrx_word' id='word_1_207' title='bbox 362 3395 679 3475; x_wconf 84' lang='lat' dir='ltr'><strong>gentibus,</strong></span> <span class='ocrx_word' id='word_1_208' title='bbox 711 3391 1111 3453; x_wconf 88' lang='lat' dir='ltr'><strong>concedimus</strong></span> <span class='ocrx_word' id='word_1_209' title='bbox 1152 3394 1216 3451; x_wconf 91' lang='lat' dir='ltr'><strong>et</strong></span> <span class='ocrx_word' id='word_1_210' title='bbox 1259 3390 1602 3462; x_wconf 89' lang='lat' dir='ltr'><strong>donamus;</strong></span> <span class='ocrx_word' id='word_1_211' title='bbox 1647 3391 2089 3469; x_wconf 88' lang='lat' dir='ltr'><strong>promittentes</strong></span> <span class='ocrx_word' id='word_1_212' title='bbox 2130 3391 2295 3452; x_wconf 88' lang='lat' dir='ltr'><strong>bona</strong></span> <span class='ocrx_word' id='word_1_213' title='bbox 2334 3391 2459 3453; x_wconf 86' lang='lat' dir='ltr'><strong>fide</strong></span> <span class='ocrx_word' id='word_1_214' title='bbox 2499 3411 2613 3471; x_wconf 93' lang='lat' dir='ltr'><strong>pro</strong></span> <span class='ocrx_word' id='word_1_215' title='bbox 2647 3392 2831 3455; x_wconf 88' lang='lat' dir='ltr'><strong>nobis</strong></span> 
     </span>
     <span class='ocr_line' id='line_1_27' title="bbox 363 3496 2827 3577; baseline -0.002 -15"><span class='ocrx_word' id='word_1_216' title='bbox 363 3508 426 3563; x_wconf 86' lang='lat' dir='ltr'><strong>et</strong></span> <span class='ocrx_word' id='word_1_217' title='bbox 454 3498 924 3562; x_wconf 88' lang='lat' dir='ltr'><strong>successoribus</strong></span> <span class='ocrx_word' id='word_1_218' title='bbox 953 3496 1186 3557; x_wconf 85' lang='lat' dir='ltr'><strong>nostris</strong></span> <span class='ocrx_word' id='word_1_219' title='bbox 1228 3496 1575 3575; x_wconf 86' lang='lat' dir='ltr'><strong>predictam</strong></span> <span class='ocrx_word' id='word_1_220' title='bbox 1604 3497 1969 3574; x_wconf 89' lang='lat' dir='ltr'><strong>pensionem</strong></span> <span class='ocrx_word' id='word_1_221' title='bbox 2006 3514 2304 3569; x_wconf 87' lang='lat' dir='ltr'><strong>annuam,</strong></span> <span class='ocrx_word' id='word_1_222' title='bbox 2335 3497 2541 3577; x_wconf 88' lang='lat' dir='ltr'><strong>quoad</strong></span> <span class='ocrx_word' id='word_1_223' title='bbox 2576 3497 2827 3571; x_wconf 86' lang='lat' dir='ltr'><strong>vixeris,</strong></span> 
     </span>
     <span class='ocr_line' id='line_1_28' title="bbox 359 3600 2826 3680; baseline -0.002 -12"><span class='ocrx_word' id='word_1_224' title='bbox 359 3608 472 3668; x_wconf 79' lang='lat' dir='ltr'><strong>tibi</strong></span> <span class='ocrx_word' id='word_1_225' title='bbox 528 3605 630 3668; x_wconf 87' lang='lat' dir='ltr'><strong>vel</strong></span> <span class='ocrx_word' id='word_1_226' title='bbox 687 3601 1082 3665; x_wconf 79' lang='lat' dir='ltr'><strong>Procuratori</strong></span> <span class='ocrx_word' id='word_1_227' title='bbox 1132 3608 1242 3663; x_wconf 93' lang='lat' dir='ltr'><strong>tuo</strong></span> <span class='ocrx_word' id='word_1_228' title='bbox 1292 3602 1442 3663; x_wconf 86' lang='lat' dir='ltr'><strong>dare</strong></span> <span class='ocrx_word' id='word_1_229' title='bbox 1499 3606 1563 3661; x_wconf 88' lang='lat' dir='ltr'><strong>et</strong></span> <span class='ocrx_word' id='word_1_230' title='bbox 1614 3601 1853 3661; x_wconf 87' lang='lat' dir='ltr'><strong>solvere</strong></span> <span class='ocrx_word' id='word_1_231' title='bbox 1914 3600 2277 3673; x_wconf 86' lang='lat' dir='ltr'><strong>Londoniis,</strong></span> <span class='ocrx_word' id='word_1_232' title='bbox 2344 3602 2512 3680; x_wconf 92' lang='lat' dir='ltr'><strong>apud</strong></span> <span class='ocrx_word' id='word_1_233' title='bbox 2571 3601 2826 3664; x_wconf 84' lang='lat' dir='ltr'><strong>Novum</strong></span> 
     </span>
     <span class='ocr_line' id='line_1_29' title="bbox 363 3708 2828 3792; baseline -0.003 -17"><span class='ocrx_word' id='word_1_234' title='bbox 363 3713 720 3792; x_wconf 81' lang='lat' dir='ltr'><strong>Templum,</strong></span> <span class='ocrx_word' id='word_1_235' title='bbox 750 3712 818 3770; x_wconf 89' lang='lat' dir='ltr'><strong>in</strong></span> <span class='ocrx_word' id='word_1_236' title='bbox 850 3710 1013 3769; x_wconf 73' lang='lat' dir='ltr'><strong>festo</strong></span> <span class='ocrx_word' id='word_1_237' title='bbox 1051 3708 1349 3771; x_wconf 91' lang='lat' dir='ltr'><strong>Omnium</strong></span> <span class='ocrx_word' id='word_1_238' title='bbox 1396 3708 1807 3778; x_wconf 86' lang='lat' dir='ltr'><strong>Sanctorum;</strong></span> <span class='ocrx_word' id='word_1_239' title='bbox 1852 3725 1969 3767; x_wconf 92' lang='lat' dir='ltr'><strong>nos</strong></span> <span class='ocrx_word' id='word_1_240' title='bbox 2012 3712 2074 3766; x_wconf 92' lang='lat' dir='ltr'><strong>et</strong></span> <span class='ocrx_word' id='word_1_241' title='bbox 2118 3725 2510 3768; x_wconf 89' lang='lat' dir='ltr'><strong>successores</strong></span> <span class='ocrx_word' id='word_1_242' title='bbox 2553 3714 2828 3781; x_wconf 89' lang='lat' dir='ltr'><strong>nostros,</strong></span> 
     </span>
     <span class='ocr_line' id='line_1_30' title="bbox 365 3811 2823 3891; baseline -0.003 -10"><span class='ocrx_word' id='word_1_243' title='bbox 365 3826 430 3881; x_wconf 85' lang='lat' dir='ltr'><strong>et</strong></span> <span class='ocrx_word' id='word_1_244' title='bbox 487 3820 660 3881; x_wconf 87' lang='lat' dir='ltr'><strong>bona</strong></span> <span class='ocrx_word' id='word_1_245' title='bbox 722 3820 939 3877; x_wconf 89' lang='lat' dir='ltr'><strong>nostra</strong></span> <span class='ocrx_word' id='word_1_246' title='bbox 997 3819 1061 3877; x_wconf 88' lang='lat' dir='ltr'><strong>et</strong></span> <span class='ocrx_word' id='word_1_247' title='bbox 1118 3821 1399 3875; x_wconf 89' lang='lat' dir='ltr'><strong>nostram</strong></span> <span class='ocrx_word' id='word_1_248' title='bbox 1460 3812 1990 3873; x_wconf 74' lang='lat' dir='ltr'><strong>Herefordensem</strong></span> <span class='ocrx_word' id='word_1_249' title='bbox 2053 3812 2409 3873; x_wconf 83' lang='lat' dir='ltr'><strong>Ecclesiam</strong></span> <span class='ocrx_word' id='word_1_250' title='bbox 2468 3811 2823 3891; x_wconf 88' lang='lat' dir='ltr'><strong>obligantes</strong></span> 
     </span>
     <span class='ocr_line' id='line_1_31' title="bbox 368 3917 2831 4002; baseline -0.003 -15"><span class='ocrx_word' id='word_1_251' title='bbox 368 3926 446 3987; x_wconf 88' lang='lat' dir='ltr'><strong>ad</strong></span> <span class='ocrx_word' id='word_1_252' title='bbox 500 3925 623 3986; x_wconf 90' lang='lat' dir='ltr'><strong>hoc</strong></span> <span class='ocrx_word' id='word_1_253' title='bbox 679 3922 1035 4002; x_wconf 87' lang='lat' dir='ltr'><strong>specialiter</strong></span> <span class='ocrx_word' id='word_1_254' title='bbox 1087 3928 1150 3981; x_wconf 90' lang='lat' dir='ltr'><strong>et</strong></span> <span class='ocrx_word' id='word_1_255' title='bbox 1198 3938 1509 3998; x_wconf 84' lang='lat' dir='ltr'><strong>expresse.</strong></span> <span class='ocrx_word' id='word_1_256' title='bbox 1617 3919 1859 3978; x_wconf 91' lang='lat' dir='ltr'><strong>Datum</strong></span> <span class='ocrx_word' id='word_1_257' title='bbox 1909 3918 2077 3996; x_wconf 86' lang='lat' dir='ltr'><strong>apud</strong></span> <span class='ocrx_word' id='word_1_258' title='bbox 2126 3918 2468 3995; x_wconf 83' lang='lat' dir='ltr'><strong>Bosebury,</strong></span> <span class='ocrx_word' id='word_1_259' title='bbox 2524 3917 2831 3980; x_wconf 86' lang='lat' dir='ltr'><strong>Kalendis</strong></span> 
     </span>
     <span class='ocr_line' id='line_1_32' title="bbox 360 4018 2823 4101; baseline -0.004 -9"><span class='ocrx_word' id='word_1_260' title='bbox 360 4032 399 4093; x_wconf 86' lang='lat' dir='ltr'><strong>J</strong></span> <span class='ocrx_word' id='word_1_261' title='bbox 403 4030 670 4101; x_wconf 87' lang='lat' dir='ltr'><strong>anuarii,</strong></span> <span class='ocrx_word' id='word_1_262' title='bbox 706 4046 874 4089; x_wconf 91' lang='lat' dir='ltr'><strong>anno</strong></span> <span class='ocrx_word' id='word_1_263' title='bbox 909 4018 1164 4087; x_wconf 84' lang='lat' dir='ltr'><strong>Domini</strong></span> <span class='ocrx_word' id='word_1_264' title='bbox 1202 4024 1632 4086; x_wconf 84' lang='lat' dir='ltr'>M⁰CC⁰LXX⁰</span> <span class='ocrx_word' id='word_1_265' title='bbox 1665 4022 1960 4084; x_wconf 89' lang='lat' dir='ltr'><strong>secundo.</strong></span> <span class='ocrx_word' id='word_1_266' title='bbox 2047 4021 2182 4083; x_wconf 88' lang='lat' dir='ltr'><strong>Nos</strong></span> <span class='ocrx_word' id='word_1_267' title='bbox 2209 4041 2357 4083; x_wconf 87' lang='lat' dir='ltr'><strong>vero</strong></span> <span class='ocrx_word' id='word_1_268' title='bbox 2391 4021 2823 4096; x_wconf 88' lang='lat' dir='ltr'><strong>donacionem,</strong></span> 
     </span>
     <span class='ocr_line' id='line_1_33' title="bbox 355 4128 2814 4212; baseline -0.004 -13"><span class='ocrx_word' id='word_1_269' title='bbox 355 4136 848 4206; x_wconf 86' lang='lat' dir='ltr'><strong>concessionem,</strong></span> <span class='ocrx_word' id='word_1_270' title='bbox 894 4140 958 4194; x_wconf 91' lang='lat' dir='ltr'><strong>et</strong></span> <span class='ocrx_word' id='word_1_271' title='bbox 1005 4130 1480 4212; x_wconf 87' lang='lat' dir='ltr'><strong>permissionem</strong></span> <span class='ocrx_word' id='word_1_272' title='bbox 1528 4130 1845 4209; x_wconf 83' lang='lat' dir='ltr'><strong>predictas</strong></span> <span class='ocrx_word' id='word_1_273' title='bbox 1893 4133 2067 4190; x_wconf 89' lang='lat' dir='ltr'><strong>ratas</strong></span> <span class='ocrx_word' id='word_1_274' title='bbox 2115 4135 2182 4189; x_wconf 91' lang='lat' dir='ltr'><strong>et</strong></span> <span class='ocrx_word' id='word_1_275' title='bbox 2231 4136 2447 4207; x_wconf 90' lang='lat' dir='ltr'><strong>gratas</strong></span> <span class='ocrx_word' id='word_1_276' title='bbox 2504 4128 2814 4189; x_wconf 82' lang='lat' dir='ltr'><strong>habentes</strong></span> 
     </span>
     <span class='ocr_line' id='line_1_34' title="bbox 354 4234 2817 4323; baseline -0.004 -17"><span class='ocrx_word' id='word_1_277' title='bbox 354 4244 590 4323; x_wconf 80' lang='lat' dir='ltr'><strong>pariter</strong></span> <span class='ocrx_word' id='word_1_278' title='bbox 627 4248 692 4303; x_wconf 93' lang='lat' dir='ltr'><strong>et</strong></span> <span class='ocrx_word' id='word_1_279' title='bbox 732 4246 1027 4319; x_wconf 86' lang='lat' dir='ltr'><strong>acceptas</strong></span> <span class='ocrx_word' id='word_1_280' title='bbox 1064 4238 1231 4319; x_wconf 88' lang='lat' dir='ltr'><strong>quod</strong></span> <span class='ocrx_word' id='word_1_281' title='bbox 1267 4255 1457 4316; x_wconf 89' lang='lat' dir='ltr'><strong>super</strong></span> <span class='ocrx_word' id='word_1_282' title='bbox 1491 4235 1610 4296; x_wconf 89' lang='lat' dir='ltr'><strong>hoc</strong></span> <span class='ocrx_word' id='word_1_283' title='bbox 1647 4254 1760 4313; x_wconf 88' lang='lat' dir='ltr'><strong>per</strong></span> <span class='ocrx_word' id='word_1_284' title='bbox 1796 4236 2005 4313; x_wconf 89' lang='lat' dir='ltr'><strong>ipsum</strong></span> <span class='ocrx_word' id='word_1_285' title='bbox 2046 4234 2390 4294; x_wconf 90' lang='lat' dir='ltr'><strong>Dominum</strong></span> <span class='ocrx_word' id='word_1_286' title='bbox 2430 4234 2817 4313; x_wconf 89' lang='lat' dir='ltr'><strong>Episcopum</strong></span> 
     </span>
     <span class='ocr_line' id='line_1_35' title="bbox 354 4340 2823 4424; baseline -0.004 -15"><span class='ocrx_word' id='word_1_287' title='bbox 354 4350 592 4411; x_wconf 83' lang='lat' dir='ltr'><strong>factum</strong></span> <span class='ocrx_word' id='word_1_288' title='bbox 637 4352 740 4408; x_wconf 82' lang='lat' dir='ltr'><strong>cst</strong></span> <span class='ocrx_word' id='word_1_289' title='bbox 783 4344 1201 4424; x_wconf 85' lang='lat' dir='ltr'><strong>approbamus</strong></span> <span class='ocrx_word' id='word_1_290' title='bbox 1243 4351 1306 4404; x_wconf 89' lang='lat' dir='ltr'><strong>et</strong></span> <span class='ocrx_word' id='word_1_291' title='bbox 1349 4343 1547 4404; x_wconf 89' lang='lat' dir='ltr'><strong>eciam</strong></span> <span class='ocrx_word' id='word_1_292' title='bbox 1589 4341 2056 4402; x_wconf 90' lang='lat' dir='ltr'><strong>confirmamus.</strong></span> <span class='ocrx_word' id='word_1_293' title='bbox 2154 4340 2232 4401; x_wconf 90' lang='lat' dir='ltr'><strong>In</strong></span> <span class='ocrx_word' id='word_1_294' title='bbox 2274 4340 2455 4418; x_wconf 80' lang='lat' dir='ltr'><strong>cujus</strong></span> <span class='ocrx_word' id='word_1_295' title='bbox 2507 4340 2596 4401; x_wconf 90' lang='lat' dir='ltr'><strong>rei</strong></span> <span class='ocrx_word' id='word_1_296' title='bbox 2644 4340 2823 4401; x_wconf 88' lang='lat' dir='ltr'><strong>testi-</strong></span> 
     </span>
     <span class='ocr_line' id='line_1_36' title="bbox 355 4445 2812 4528; baseline -0.003 -12"><span class='ocrx_word' id='word_1_297' title='bbox 355 4455 642 4517; x_wconf 90' lang='lat' dir='ltr'><strong>monium</strong></span> <span class='ocrx_word' id='word_1_298' title='bbox 703 4451 853 4513; x_wconf 86' lang='lat' dir='ltr'><strong>huic</strong></span> <span class='ocrx_word' id='word_1_299' title='bbox 913 4450 1132 4511; x_wconf 89' lang='lat' dir='ltr'><strong>lettere</strong></span> <span class='ocrx_word' id='word_1_300' title='bbox 1194 4448 1465 4528; x_wconf 86' lang='lat' dir='ltr'><strong>sigillum</strong></span> <span class='ocrx_word' id='word_1_301' title='bbox 1528 4466 1862 4508; x_wconf 89' lang='lat' dir='ltr'><strong>commune</strong></span> <span class='ocrx_word' id='word_1_302' title='bbox 1922 4446 2195 4525; x_wconf 85' lang='lat' dir='ltr'><strong>Capituli</strong></span> <span class='ocrx_word' id='word_1_303' title='bbox 2260 4447 2461 4507; x_wconf 87' lang='lat' dir='ltr'><strong>nostri</strong></span> <span class='ocrx_word' id='word_1_304' title='bbox 2517 4445 2812 4508; x_wconf 81' lang='lat' dir='ltr'><strong>duximus</strong></span> 
     </span>
     <span class='ocr_line' id='line_1_37' title="bbox 359 4551 2821 4643; baseline -0.004 -20"><span class='ocrx_word' id='word_1_305' title='bbox 359 4560 828 4643; x_wconf 88' lang='lat' dir='ltr'><strong>apponendum.</strong></span> <span class='ocrx_word' id='word_1_306' title='bbox 941 4557 1178 4617; x_wconf 90' lang='lat' dir='ltr'><strong>Datum</strong></span> <span class='ocrx_word' id='word_1_307' title='bbox 1229 4554 1620 4627; x_wconf 85' lang='lat' dir='ltr'><strong>Herefordie,</strong></span> <span class='ocrx_word' id='word_1_308' title='bbox 1666 4554 1733 4631; x_wconf 81' lang='lat' dir='ltr'><strong>iij</strong></span> <span class='ocrx_word' id='word_1_309' title='bbox 1786 4553 2009 4614; x_wconf 86' lang='lat' dir='ltr'><strong>Nonas</strong></span> <span class='ocrx_word' id='word_1_310' title='bbox 2053 4552 2095 4613; x_wconf 83' lang='lat' dir='ltr'><strong>J</strong></span> <span class='ocrx_word' id='word_1_311' title='bbox 2098 4551 2361 4625; x_wconf 88' lang='lat' dir='ltr'><strong>anuarii,</strong></span> <span class='ocrx_word' id='word_1_312' title='bbox 2408 4571 2573 4612; x_wconf 91' lang='lat' dir='ltr'><strong>anno</strong></span> <span class='ocrx_word' id='word_1_313' title='bbox 2616 4552 2821 4631; x_wconf 86' lang='lat' dir='ltr'><strong>gracie</strong></span> 
     </span>
    </p>
   </div>
   <div class='ocr_carea' id='block_1_6' title="bbox 363 4668 748 4749">
    <p class='ocr_par' dir='ltr' id='par_1_6' title="bbox 363 4668 748 4749">
     <span class='ocr_line' id='line_1_38' title="bbox 363 4668 748 4749; baseline -0.008 -19"><span class='ocrx_word' id='word_1_314' title='bbox 363 4668 748 4749; x_wconf 85' lang='lat' dir='ltr'><strong>supradicto.</strong></span> 
     </span>
    </p>
   </div>
  </div>
 </body>
</html>
