3459 5617
341 2566 437 2607 1²01.
465 2567 531 2606 31.

643 509 723 569 98
1291 508 1646 587 Reqistrwm
1704 508 1924 567 Thome
1978 506 2051 566 de
2125 504 2455 583 Cantilupo

642 734 807 795 villis
869 733 1049 794 nobis
1112 734 1505 803 adherentes,
1564 732 1746 793 bonis
1807 730 2060 802 nostrie,
2119 728 2343 800 bladis,
2402 726 2730 797 fructibus,
2789 734 2856 785 et
2921 723 3111 783 rebus

645 840 807 912 aliis,
852 859 1046 900 manu
1086 841 1332 919 potenti
1374 846 1438 899 et
1480 839 1540 900 vi
1583 846 1832 899 armata
1873 838 2262 897 incessanter
2305 833 2573 913 spoliare
2614 851 2742 892 non
2785 836 3106 899 verentur,

642 945 708 1006 in
751 948 949 1008 nostri
992 953 1055 1007 et
1110 952 1469 1006 nostrorum
1509 964 1697 1023 grave
1751 944 2166 1023 prejudicium
2211 947 2274 1002 et
2318 940 2742 1001 ecclesiastice
2785 937 3107 997 libertatis

642 1052 989 1114 elusionem
1045 1052 1278 1131 pariter
1332 1057 1395 1111 et
1449 1056 1901 1129 contemptum.
2009 1048 2171 1123 Quia
2211 1047 2402 1125 igitur
2455 1045 2523 1106 in
2579 1044 2813 1105 talibus
2870 1061 3108 1121 penam

642 1158 995 1219 necessario
1052 1164 1299 1236 oportet
1349 1156 1689 1235 aggravari,
1736 1155 1911 1215 vobis
1967 1154 2363 1226 mandamus,
2409 1151 2527 1213 sub
2580 1170 2747 1231 pena
2800 1149 3110 1209 canonice

642 1264 1077 1335 districcionis,
1142 1263 1439 1343 quatinus
1495 1280 1714 1322 omnes
1770 1260 2309 1321 communicantes
2357 1278 2500 1319 cum
2552 1256 2913 1316 hominibus
2961 1274 3112 1333 pre·

642 1371 955 1431 dictarum
992 1372 1181 1430 trium
1225 1370 1533 1441 villarum,
1578 1388 1844 1447 quorum
1883 1366 2138 1427 nomina
2167 1384 2276 1425 vos
2320 1366 2553 1425 scimus
2586 1363 2820 1423 habere
2853 1360 3108 1432 debere,

642 1476 769 1536 illis
849 1475 1183 1535 dumtaxat
1258 1474 1535 1553 exceptis
1611 1473 1718 1553 qui
1801 1491 1872 1533 se
1947 1470 2231 1531 Ecclesie
2311 1478 2524 1530 nostre
2600 1476 2664 1529 et
2749 1467 2928 1528 nobis
3017 1486 3118 1526 re·

640 1581 911 1642 formare
956 1586 1273 1651 curarunt,
1324 1580 1585 1659 singulis
1641 1580 1861 1640 diebus
1919 1577 2268 1640 Dominicis
2329 1583 2392 1637 et
2442 1576 2731 1647 FestiviS,
2777 1573 3112 1652 campanis

640 1688 927 1767 pulsatiS‚
998 1688 1281 1747 accensis
1350 1686 1648 1757 candelis,
1720 1685 1968 1766 publice
2039 1692 2103 1745 et
2173 1682 2619 1761 sollempniter,
2700 1682 2765 1739 in
2843 1680 3115 1758 singulis

639 1795 918 1855 ecclesiis
972 1794 1163 1855 vestri
1221 1794 1565 1854 decanatus
1622 1799 1685 1853 et
1748 1793 1887 1853 aliis
1961 1792 2113 1852 locis
2175 1790 2462 1870 publicis,
2521 1786 3110 1849 excommunicatos

642 1900 1005 1961 denunciari
1066 1901 1331 1971 faciatiS,
1389 1902 1519 1961 sive
1578 1899 2027 1970 contrahendO,
2073 1897 2422 1967 vendendo,
2481 1914 2724 1956 moram
2787 1892 3112 1962 faciend0,

642 2006 995 2077 tractando,
1066 2025 1250 2084 opem
1318 2005 1413 2066 vel
1485 2024 1741 2083 operam
1811 2005 1901 2065 eis
1970 2003 2332 2082 prestando,
2407 2002 2538 2062 sive
2610 1999 2942 2061 consilium
3017 1996 3125 2057 vel

644 2112 944 2172 auxilium
1002 2111 1229 2183 dand0,
1288 2110 1387 2171 vel
1442 2112 1566 2171 alio
1620 2130 1870 2190 quoquo
1928 2110 2135 2182 modo,
2196 2109 2260 2168 in
2319 2108 2741 2169 mercimoniis
2799 2125 2910 2165 seu
2979 2105 3122 2164 foro

643 2217 742 2278 vel
810 2216 959 2276 alibi
1028 2216 1624 2277 communicaverint
1689 2235 1833 2276 cum
1897 2216 2152 2287 eisdem,
2220 2215 2342 2276 nisi
2399 2223 2713 2294 quatenus
2772 2211 2915 2289 jura
2977 2230 3124 2287 per-

644 2322 920 2382 mittent.
1009 2322 1179 2382 Loca
1220 2331 1436 2382 autem
1477 2322 1690 2381 omnia
1729 2321 1796 2381 in
1837 2320 2065 2401 quibus
2101 2328 2424 2380 morantur
2454 2320 2587 2378 vice
2629 2326 2694 2378 et
2731 2315 3122 2377 auctoritate

643 2431 861 2485 nostra
900 2424 1321 2485 ecclesiastico
1363 2429 1788 2502 supponentes
1821 2423 2156 2484 interdicto
2177 2442 2190 2495 ;
2236 2423 2626 2503 inquirentes
2658 2419 3116 2480 nichilominus

646 2530 975 2609 diligenter
1030 2529 1155 2601 ubi,
1214 2537 1278 2591 et
1342 2530 1408 2589 in
1462 2528 1690 2608 quibus
1745 2529 2046 2601 ecclesiis,
2115 2527 2378 2607 predicti
2441 2526 2972 2587 excommunicati
3031 2524 3118 2584 ad

646 2636 860 2697 divina
920 2636 1233 2696 audienda
1288 2636 1733 2707 admittuntur,
1787 2644 1852 2696 et
1907 2635 2108 2696 eciam
2164 2634 2241 2694 de
2297 2632 2910 2694 communicantibus
2968 2649 3126 2689 cum

648 2744 936 2818 eisdem3
1008 2749 1071 2803 et
1142 2743 1195 2804 si
1264 2742 1491 2803 alicubi
1563 2742 1641 2802 ad
1726 2742 2152 2803 ecclesiastica
2237 2740 2619 2819 recipiantur
2691 2744 3122 2799 sacramenta.

647 2851 971 2911 Predictos
1027 2869 1175 2911 vero
1230 2850 1806 2910 excommunicatos
1862 2849 1928 2907 in
1985 2848 2120 2907 fata
2174 2846 2549 2907 decedentes
2605 2843 2966 2905 Christiane
3023 2844 3124 2901 in-

649 2955 937 3016 hibemus
1007 2954 1287 3014 districte
1358 2954 1521 3013 tradi
1592 2954 1932 3031 sepulture.
2040 2953 2130 3013 Et
2199 2952 2251 3013 si
2325 2951 2485 3011 forte
2551 2956 2696 3030 post
2765 2949 3130 3027 predictam

650 3060 1041 3121 sentenciam
1089 3058 1762 3119 excommunicacionis
1811 3077 2036 3136 corpus
2085 3058 2337 3137 aliquod
2385 3057 2808 3136 predictorum
2859 3056 2928 3114 in
2979 3056 3126 3115 loco

650 3184 827 3227 sacro
896 3164 1281 3225 tumulatum
1351 3164 1644 3235 extiterit,
1718 3164 1924 3242 ipsum
1997 3163 2114 3224 sub
2180 3182 2345 3241 pena
2413 3162 2718 3222 canonica
2780 3161 3124 3221 exhumari

651 3272 901 3331 faciatis
954 3270 1237 3330 indilate.
1344 3270 1430 3329 Et
1488 3268 1760 3330 breviter
1801 3270 2092 3330 volumus
2151 3279 2214 3330 et
2272 3268 2649 3348 precipimus
2692 3268 2862 3347 quod
2905 3268 3134 3328 omnia

652 3381 1049 3437 sacramenta
1103 3375 1530 3437 ecclesiastica
1585 3377 1675 3437 eis
1733 3382 1864 3436 tam
1924 3377 2082 3437 vivis
2137 3395 2326 3451 quam
2393 3374 2805 3435 morientibus
2859 3375 3134 3434 omnino

651 3482 1056 3559 denegentur,
1100 3500 1423 3561 quousque
1466 3480 1838 3541 beneficium
1881 3481 2297 3541 absolucionis
2339 3481 2622 3559 optinere
2665 3480 3014 3539 meruerint
3061 3480 3132 3539 in

653 3587 855 3647 forma
893 3586 1070 3664 juris.
1176 3587 1298 3662 Qui
1340 3605 1490 3647 vero
1544 3592 1766 3647 contra
1821 3590 1986 3647 hanc
2034 3592 2318 3647 nostram
2362 3586 2806 3647 inhibicionem
2851 3586 3132 3647 fecerint

653 3711 766 3771 pro
806 3697 976 3751 certo
1017 3691 1196 3770 penis
1244 3690 1471 3751 debitis
1514 3698 1576 3751 et
1624 3691 2009 3770 gravissimis
2052 3691 2488 3768 subjacebunt.
2599 3691 2696 3751 Ad
2738 3691 2856 3751 hec
2899 3712 3138 3753 omnes

651 3798 794 3859 illos
848 3798 956 3876 qui
1012 3797 1111 3856 die
1184 3796 1443 3857 Sabbati
1508 3798 1794 3875 proxima
1850 3806 1992 3876 post
2055 3797 2503 3858 Ascensionem
2561 3797 2820 3858 Domini
2875 3805 3130 3860 terram

656 3907 935 3962 nostram
977 3900 1145 3979 apud
1187 3906 1461 3960 castrum
1503 3908 1581 3961 de
1626 3902 1960 3980 Lydebury
1991 3902 2200 3963 North
2243 3902 2664 3982 depredarunt
2709 3902 3139 3985 hominesque

657 4011 906 4067 nostros
959 4006 1424 4077 interfecerunt,
1480 4026 1551 4066 ac
1609 4007 1774 4068 bona
1829 4015 2044 4069 nostra
2099 4015 2163 4069 et
2222 4017 2580 4069 nostrorum
2639 4016 3012 4087 rapuerunt,
3069 4016 3140 4071 et

658 4112 765 4191 qui
806 4112 1206 4191 postmodum
1249 4131 1359 4190 per
1399 4112 1874 4192 inquisicionem
1917 4114 2363 4192 premissorum
2397 4114 2484 4173 rei
2513 4113 2817 4191 comperti
2847 4113 3138 4187 fuerant,

660 4236 804 4277 cum
871 4216 1161 4277 omnibus
1230 4218 1840 4279 communicantibus
1904 4219 2140 4279 eisdem
2200 4218 2674 4298 fautoribusque
2731 4221 3136 4294 eorumdem,

662 4326 847 4386 modo
905 4324 1190 4403 superius
1247 4330 1581 4404 prenotato
1646 4326 2020 4386 nominatim
2091 4325 2456 4387 denunciari
2521 4326 2812 4387 similiter
2873 4326 3140 4389 faciatis

662 4431 1253 4493 excommunicatos,
1359 4430 1642 4505 Qualiter
1705 4451 1851 4492 vero
1912 4432 2032 4492 hoc
2090 4432 2466 4493 mandatum
2523 4439 2808 4492 nostrum
2882 4432 3145 4495 fueritis

663 4537 924 4607 executi,
955 4542 1095 4609 etc„
1127 4537 1285 4597 citra
1327 4537 1582 4597 Festum
1631 4537 1845 4597 Sancti
1890 4538 2135 4598 Mathei
2181 4538 2461 4617 Apostoli
2503 4537 2686 4598 nobis
2712 4539 2813 4599 vel
2859 4538 3142 4601 Officiali

664 4646 881 4701 nostro
922 4649 1211 4701 constare
1253 4640 1515 4711 faciatis,
1563 4648 1683 4704 etc.
1769 4643 2072 4703 Valeatis.
2162 4643 2396 4703 Datum
2441 4643 2608 4722 apud
2653 4643 2997 4717 Bikenore,
3045 4646 3140 4725 iiij

664 4748 723 4808 N
730 4766 883 4807 onas
928 4746 1329 4824 Septembri&
