3459 5617
654 486 773 545 150
1312 484 1669 563 Reqistrum
1726 486 1946 547 Thonae
1999 486 2073 547 de
2131 486 2462 567 Cantilacpo

649 710 971 789 religiosos
1004 710 1189 781 viros,
1227 710 1507 771 Priorem
1543 716 1607 771 et
1642 711 2040 772 conventum
2073 712 2399 786 Breconie,
2434 716 2840 793 presentatus
2870 711 3114 785 existis,

650 814 763 877 tibi
805 836 917 896 per
959 822 1259 877 semestre
1300 820 1553 897 tempus
1595 816 1962 878 continuum
2013 818 2548 879 commendamus.
2655 818 2734 879 In
2777 816 2962 897 cujus
3003 817 3113 891 rei,

648 926 769 983 etc.
879 923 1120 983 Datum
1178 922 1346 1002 apud
1401 922 1705 985 Corsham
1764 923 1830 983 in
1885 924 2160 985 crastino
2209 924 2672 1004 Apostolorum,
2727 924 3003 985 Simonis
3051 928 3116 986 et

640 1029 829 1091 Jude.

814 1160 1133 1221 Innuocto
1196 1159 1600 1221 meme—Et
1664 1159 2036 1221 mandatum
2093 1166 2190 1221 est
2245 1160 2514 1222 Officiali
2567 1160 2736 1242 quod
2788 1159 3114 1221 induceret

648 1284 814 1337 eum,
861 1270 981 1325 etc.

648 1544 803 1605 Nov.
877 1544 1313 1605 9.—Mandate
1384 1552 1441 1605 ιο
1514 1545 1610 1606 the
1670 1545 1852 1605 Dean
1906 1546 1977 1625 os
2025 1546 2404 1624 Pontesbury
2465 1552 2522 1607 ιο
2580 1546 2698 1607 cite
2753 1547 2982 1609 Robert
3037 1548 3110 1611 dc

893 1624 1093 1697 Stoke,
1252 1625 1465 1685 tionist
1506 1626 1576 1705 os
1604 1626 1940 1704 Westbury,
1970 1626 2097 1686 and
2141 1626 2238 1686 the
2279 1626 2528 1687 Rectors
2557 1628 2628 1707 of
2669 1628 2956 1689 Worthen
2987 1629 3115 1691 and

893 1706 1115 1767 Pontes
1156 1726 1273 1784 ury
1319 1714 1377 1767 ιο
1418 1727 1649 1786 appear
1690 1706 1884 1787 before
1927 1708 2024 1767 the
2065 1707 2321 1787 Bishop.

817 1886 1083 1948 G1rAc1o
1112 1887 1477 1948 Rnc'roRuu
1514 1904 1602 1946 1111
1634 1886 2034 1958 Wns'rsuar,
2069 1887 2430 1959 Woivrnrn,
2461 1906 2546 1948 nr
2573 1890 3115 1952 Ponmssunr.—

649 1991 945 2063 Thomas,
1011 1998 1153 2065 etc.,
1216 1992 1474 2053 Decano
1531 1992 1609 2053 de
1667 1993 2066 2072 Pontesbury
2127 1994 2419 2068 salutem,
2484 1999 2607 2055 etc.
2736 1994 3114 2059 Mandamus

648 2098 829 2160 vobis
882 2098 1145 2158 firmiter
1200 2098 1603 2177 injungentes
1657 2098 1956 2178 quatinus
2004 2100 2422 2179 peremptorie
2477 2100 2686 2161 citet-is
2743 2102 3110 2181 magistrum

654 2204 999 2266 Robertum
1071 2204 1148 2265 de
1220 2204 1433 2275 Stoke,
1492 2204 1956 2283 porcionarium
2019 2205 2278 2266 ecclesie
2345 2205 2424 2266 de
2485 2206 2844 2287 Westbury,
2908 2216 2973 2268 et
3035 2208 3111 2270 de

650 2310 965 2389 Worthyn
1010 2330 1082 2371 ac
1123 2312 1201 2371 de
1244 2310 1639 2389 Pontesbury
1680 2311 2086 2372 ecclesiarum
2136 2311 2456 2384 Rectores,
2501 2313 2668 2392 quod
2707 2320 3111 2393 compareant

656 2436 867 2479 coram
927 2417 1128 2487 nobis,
1188 2416 1563 2497 ubicunque,
1625 2430 1769 2486 etc.,
1828 2418 2114 2496 proximo
2172 2418 2274 2478 die
2329 2418 2595 2497 juridico
2649 2427 2794 2497 post
2851 2419 3108 2480 Festum

654 2524 859 2585 Beate
925 2522 1244 2595 Katerine,
1303 2522 1577 2601 Virginis
1634 2530 1699 2583 et
1765 2522 2064 2591 Martiris,
2126 2529 2248 2584 etc.
2347 2523 2634 2599 Qualiter
2693 2530 2930 2596 autem,
2988 2530 3104 2585 etc.

646 2630 886 2691 Datum
930 2627 1098 2707 apud
1140 2627 1553 2695 Chetindone,
1596 2647 1636 2688 v
1677 2628 1833 2688 Idus
1877 2627 2273 2690 Novembris.

648 2923 949 2985 Mandata
1006 2930 1064 2983 ιο
1119 2922 1321 2982 Adam
1374 2922 1447 2982 dc
1502 2922 1720 2999 Fileby
1780 2930 1837 2982 ιο
1893 2922 2011 2983 cite
2066 2943 2208 2983 once
2259 2943 2421 2983 more
2479 2922 2577 2983 the
2617 2922 3010 2984 Archdeacon
3047 2923 3114 3003 of

895 3004 1101 3083 Salop,
1144 3004 1276 3063 who
1320 3003 1429 3063 has
1473 3002 1664 3081 ayain
1692 3003 1896 3082 sailed
1941 3010 1998 3063 ιο
2039 3024 2269 3082 appear
2311 3024 2379 3065 as
2421 3004 2786 3065 summovaed.

814 3186 1073 3247 Con‘rm
1122 3186 1669 3246 ARcmmAcomm
1722 3185 2089 3246 SAL0P1132.—
2107 3186 2402 3259 Thomas,
2449 3194 2590 3260 etc.,
2636 3188 2939 3267 magistro
2981 3188 3107 3248 Ade

658 3293 737 3353 de
806 3292 1045 3373 Fileby,
1116 3292 1437 3353 Canonico
1504 3291 1570 3351 in
1640 3291 1880 3364 eadem,
1953 3292 2245 3364 salutem,
2310 3304 2427 3354 etc.
2535 3294 2714 3354 Licet
2771 3294 3106 3355 discretum

652 3400 879 3472 virum,
965 3398 1336 3477 magistrum
1419 3397 1727 3458 Jacobum
1812 3399 1890 3458 de
1972 3399 2155 3479 Aqua
2235 3399 2498 3472 Blanca,
2585 3399 3106 3460 Archidiaconum

654 3506 925 3584 Salopie,
986 3504 1222 3565 dudum
1284 3522 1396 3582 per
1459 3504 1704 3564 litteras
1763 3510 2012 3565 nostras
2070 3505 2253 3565 citari
2311 3505 2640 3566 fecerimus
2699 3505 3109 3585 peremptorie

652 3612 819 3691 quod
863 3616 1222 3690 compareat
1251 3630 1461 3670 coram
1504 3610 1685 3670 nobis
1726 3611 1828 3670 die
1870 3611 2132 3672 Veneris
2173 3617 2318 3691 post
2358 3612 2832 3673 Exaltacionem
2881 3613 3108 3673 Sancte

655 3717 895 3787 Crucis,
994 3735 1161 3777 anno
1230 3715 1486 3775 Domini
1558 3716 2013 3779 M⁰CC⁰LXX0
2064 3717 2352 3796 septimo,
2432 3736 2866 3796 responsurus,
2939 3724 3106 3788 etc.;

652 3822 817 3883 idem
882 3822 1373 3882 Archidiaconus
1432 3822 1511 3882 ad
1571 3821 1811 3883 dictum
1868 3822 2033 3883 diem
2088 3842 2199 3902 per
2257 3841 2324 3883 se
2380 3824 2481 3884 vel
2532 3842 2644 3901 per
2699 3822 3106 3883 sufficientem

650 3928 1074 4009 responsalem
1142 3928 1317 3988 nullo
1379 3926 1565 3989 modo
1627 3928 1978 4007 comparuit
2000 3948 2014 4000 ;
2086 3947 2272 4009 quem
2334 3928 2738 4007 postmodum
2806 3947 2920 4008 per
2988 3947 3110 3988 non

652 4035 899 4096 modica
942 4043 1227 4113 tempora
1269 4053 1344 4093 ex
1386 4034 1594 4111 gracia
1630 4034 1941 4112 spirituali
1980 4034 2273 4094 duximus
2311 4034 2792 4112 expectandum.
2879 4033 3110 4109 Quam·

654 4160 841 4221 quam
900 4140 1109 4220 igitur,
1154 4146 1296 4211 etc.,
1354 4140 1577 4200 micius
1626 4145 1841 4200 tamen
1890 4140 2172 4200 volentes
2220 4158 2403 4219 agere
2451 4159 2595 4200 cum
2643 4139 2887 4211 eodem,
2937 4138 3109 4200 vobis

655 4248 1030 4307 mandamus
1086 4246 1405 4326 quatinus,
1464 4246 1814 4324 predictum
1884 4245 2253 4325 magistrum
2315 4244 2729 4325 personaliter
2783 4247 3105 4315 adeuntes,

648 4352 858 4433 ipsum
899 4350 1315 4432 peremptorie
1357 4352 1736 4411 auctoritate
1777 4358 1993 4413 nostra
2034 4352 2263 4412 iterato
2304 4352 2512 4413 citetis
2549 4352 2714 4431 quod
2748 4356 3108 4431 compareat

650 4478 864 4520 coram
925 4457 1110 4518 nobis
1172 4457 1455 4536 proximo
1513 4457 1613 4517 die
1670 4457 1934 4535 juridico
1994 4468 2140 4537 post
2199 4458 2595 4519 Dominicam
2646 4478 2773 4537 qua
2819 4462 3111 4519 cantatur

652 4565 877 4626 Letare
914 4562 1258 4626 Jerusalem
1277 4582 1292 4635 ;
1338 4582 1525 4643 quem
1564 4564 1898 4623 terminum
1934 4564 2420 4643 peremptorium
2457 4564 2852 4640 assignamus
2885 4564 3106 4635 eidem,

650 4670 1027 4750 ubicunque,
1088 4674 1204 4729 etc.
1228 4687 1244 4740 ;
1307 4668 1759 4729 denunciantes
1815 4668 2016 4729 eidem
2071 4669 2260 4750 quod,
2319 4669 2450 4730 sive
2505 4670 2745 4730 venerit
2787 4669 2920 4730 sive
2962 4688 3105 4740 non,

652 4776 948 4839 absencia
1004 4794 1120 4837 sua
1175 4796 1302 4835 non
1361 4776 1673 4847 obstante,
1738 4776 1818 4835 ad
1881 4776 2082 4837 dictos
2144 4776 2308 4836 diem
2368 4783 2432 4836 et
2489 4776 2830 4836 terminum
2891 4793 3108 4837 contra

650 4884 919 4945 eundem
960 4882 1369 4962 procedemus
1409 4893 1595 4962 prout
1637 4882 1714 4942 de
1754 4884 1892 4963 J'ure
1935 4882 2120 4943 fuerit
2161 4881 2644 4961 procedendum.
