<?xml version="1.0" encoding="UTF-8"?>
<!DOCTYPE html PUBLIC "-//W3C//DTD XHTML 1.0 Transitional//EN"
    "http://www.w3.org/TR/xhtml1/DTD/xhtml1-transitional.dtd">
<html xmlns="http://www.w3.org/1999/xhtml" xml:lang="en" lang="en">
 <head>
  <title>
</title>
<meta http-equiv="Content-Type" content="text/html;charset=utf-8" />
  <meta name='ocr-system' content='tesseract 3.04.00' />
  <meta name='ocr-capabilities' content='ocr_page ocr_carea ocr_par ocr_line ocrx_word'/>
</head>
<body>
  <div class='ocr_page' id='page_1' title='image "./canterburyandyo00unkngoog_0326.png"; bbox 0 0 3459 5617; ppageno 0'>
   <div class='ocr_carea' id='block_1_1' title="bbox 1130 496 2780 576">
    <p class='ocr_par' dir='ltr' id='par_1_1' title="bbox 1130 496 2780 576">
     <span class='ocr_line' id='line_1_1' title="bbox 1130 496 2780 576; baseline 0.001 -20"><span class='ocrx_word' id='word_1_1' title='bbox 1130 497 1429 576; x_wconf 77' lang='lat' dir='ltr'><em>Episcopi</em></span> <span class='ocrx_word' id='word_1_2' title='bbox 1484 496 1967 576; x_wconf 71' lang='lat' dir='ltr'><strong>Herefordcnsis.</strong></span> <span class='ocrx_word' id='word_1_3' title='bbox 2655 498 2780 558; x_wconf 79' lang='lat'><strong>231</strong></span> 
     </span>
    </p>
   </div>
   <div class='ocr_carea' id='block_1_2' title="bbox 312 743 2774 1067">
    <p class='ocr_par' dir='ltr' id='par_1_2' title="bbox 312 743 2774 1067">
     <span class='ocr_line' id='line_1_2' title="bbox 312 743 2771 824; baseline -0 -18"><span class='ocrx_word' id='word_1_4' title='bbox 312 746 459 807; x_wconf 83' lang='lat' dir='ltr'><strong>Jcm</strong></span> <span class='ocrx_word' id='word_1_5' title='bbox 522 751 619 807; x_wconf 84' lang='lat'><strong>20.</strong></span> <span class='ocrx_word' id='word_1_6' title='bbox 624 746 786 806; x_wconf 76' lang='lat' dir='ltr'><strong>—In</strong></span> <span class='ocrx_word' id='word_1_7' title='bbox 837 765 1187 824; x_wconf 80' lang='lat' dir='ltr'><strong>pursuancc</strong></span> <span class='ocrx_word' id='word_1_8' title='bbox 1243 746 1314 824; x_wconf 86' lang='lat' dir='ltr'><strong>of</strong></span> <span class='ocrx_word' id='word_1_9' title='bbox 1367 765 1408 805; x_wconf 85' lang='lat' dir='ltr'><strong>a</strong></span> <span class='ocrx_word' id='word_1_10' title='bbox 1452 745 1623 805; x_wconf 79' lang='lat' dir='ltr'><strong>letter</strong></span> <span class='ocrx_word' id='word_1_11' title='bbox 1671 745 1844 824; x_wconf 86' lang='lat' dir='ltr'><strong>from</strong></span> <span class='ocrx_word' id='word_1_12' title='bbox 1899 745 1996 805; x_wconf 81' lang='lat' dir='ltr'><strong>the</strong></span> <span class='ocrx_word' id='word_1_13' title='bbox 2051 745 2264 824; x_wconf 78' lang='lat' dir='ltr'><strong>Popc’s</strong></span> <span class='ocrx_word' id='word_1_14' title='bbox 2323 743 2771 822; x_wconf 75' lang='lat' dir='ltr'><strong>Penitcntiary,</strong></span> 
     </span>
     <span class='ocr_line' id='line_1_3' title="bbox 554 824 2772 917; baseline -0.001 -30"><span class='ocrx_word' id='word_1_15' title='bbox 554 827 781 888; x_wconf 82' lang='lat' dir='ltr'><strong>Robert</strong></span> <span class='ocrx_word' id='word_1_16' title='bbox 820 827 894 886; x_wconf 79' lang='lat' dir='ltr'><strong>cle</strong></span> <span class='ocrx_word' id='word_1_17' title='bbox 936 827 1126 904; x_wconf 76' lang='lat' dir='ltr'><strong>Sapy,</strong></span> <span class='ocrx_word' id='word_1_18' title='bbox 1168 827 1239 904; x_wconf 93' lang='lat' dir='ltr'><strong>of</strong></span> <span class='ocrx_word' id='word_1_19' title='bbox 1275 826 1372 886; x_wconf 81' lang='lat' dir='ltr'><strong>the</strong></span> <span class='ocrx_word' id='word_1_20' title='bbox 1413 825 1642 886; x_wconf 77' lang='lat' dir='ltr'><em>diocese</em></span> <span class='ocrx_word' id='word_1_21' title='bbox 1682 826 1754 905; x_wconf 86' lang='lat' dir='ltr'><strong>of</strong></span> <span class='ocrx_word' id='word_1_22' title='bbox 1788 826 2107 917; x_wconf 80' lang='lat' dir='ltr'><strong>Hereford,</strong></span> <span class='ocrx_word' id='word_1_23' title='bbox 2151 825 2207 886; x_wconf 73' lang='lat' dir='ltr'><strong>is</strong></span> <span class='ocrx_word' id='word_1_24' title='bbox 2249 825 2506 904; x_wconf 74' lang='lat' dir='ltr'><strong>qra‘nted</strong></span> <span class='ocrx_word' id='word_1_25' title='bbox 2555 845 2596 885; x_wconf 83' lang='lat' dir='ltr'><strong>a</strong></span> <span class='ocrx_word' id='word_1_26' title='bbox 2644 824 2772 885; x_wconf 79' lang='lat' dir='ltr'><strong>dis-</strong></span> 
     </span>
     <span class='ocr_line' id='line_1_4' title="bbox 546 905 2774 986; baseline -0.001 -18"><span class='ocrx_word' id='word_1_27' title='bbox 546 907 875 986; x_wconf 70' lang='lat' dir='ltr'><strong>pensatim</strong></span> <span class='ocrx_word' id='word_1_28' title='bbox 928 909 1100 986; x_wconf 86' lang='lat' dir='ltr'><strong>from</strong></span> <span class='ocrx_word' id='word_1_29' title='bbox 1165 906 1565 986; x_wconf 70' lang='lat' dir='ltr'><strong>irreqularz&#39;ty</strong></span> <span class='ocrx_word' id='word_1_30' title='bbox 1628 906 1699 966; x_wconf 79' lang='lat' dir='ltr'><strong>in</strong></span> <span class='ocrx_word' id='word_1_31' title='bbox 1763 905 2065 985; x_wconf 60' lang='lat' dir='ltr'><strong>receiving}</strong></span> <span class='ocrx_word' id='word_1_32' title='bbox 2137 907 2236 967; x_wconf 77' lang='lat' dir='ltr'><strong>the</strong></span> <span class='ocrx_word' id='word_1_33' title='bbox 2310 906 2502 967; x_wconf 81' lang='lat' dir='ltr'><strong>Order</strong></span> <span class='ocrx_word' id='word_1_34' title='bbox 2541 907 2611 984; x_wconf 93' lang='lat' dir='ltr'><strong>of</strong></span> <span class='ocrx_word' id='word_1_35' title='bbox 2676 906 2774 966; x_wconf 78' lang='lat' dir='ltr'><strong>the</strong></span> 
     </span>
     <span class='ocr_line' id='line_1_5' title="bbox 554 987 2774 1067; baseline 0 -20"><span class='ocrx_word' id='word_1_36' title='bbox 554 988 916 1049; x_wconf 76' lang='lat' dir='ltr'><strong>Priesthood</strong></span> <span class='ocrx_word' id='word_1_37' title='bbox 953 988 1123 1066; x_wconf 84' lang='lat' dir='ltr'><strong>from</strong></span> <span class='ocrx_word' id='word_1_38' title='bbox 1172 988 1269 1048; x_wconf 68' lang='lat' dir='ltr'><strong>the</strong></span> <span class='ocrx_word' id='word_1_39' title='bbox 1323 987 1559 1067; x_wconf 79' lang='lat' dir='ltr'><strong>Bishop</strong></span> <span class='ocrx_word' id='word_1_40' title='bbox 1607 987 1678 1067; x_wconf 88' lang='lat' dir='ltr'><strong>os</strong></span> <span class='ocrx_word' id='word_1_41' title='bbox 1726 987 2071 1058; x_wconf 77' lang='lat' dir='ltr'><strong>Worcester,</strong></span> <span class='ocrx_word' id='word_1_42' title='bbox 2113 987 2316 1048; x_wconf 81' lang='lat' dir='ltr'><strong>which</strong></span> <span class='ocrx_word' id='word_1_43' title='bbox 2359 987 2430 1048; x_wconf 80' lang='lat' dir='ltr'><strong>hc</strong></span> <span class='ocrx_word' id='word_1_44' title='bbox 2481 987 2590 1047; x_wconf 83' lang='lat' dir='ltr'><strong>has</strong></span> <span class='ocrx_word' id='word_1_45' title='bbox 2633 1007 2774 1048; x_wconf 78' lang='lat' dir='ltr'><strong>con·</strong></span> 
     </span>
    </p>
   </div>
   <div class='ocr_carea' id='block_1_3' title="bbox 553 1069 1105 1142">
    <p class='ocr_par' dir='ltr' id='par_1_3' title="bbox 553 1069 1105 1142">
     <span class='ocr_line' id='line_1_6' title="bbox 553 1069 1105 1142; baseline -0.004 -12"><span class='ocrx_word' id='word_1_46' title='bbox 553 1069 747 1142; x_wconf 66' lang='lat' dir='ltr'><strong>fes-sed</strong></span> <span class='ocrx_word' id='word_1_47' title='bbox 788 1076 856 1130; x_wconf 75' lang='lat' dir='ltr'><strong>at</strong></span> <span class='ocrx_word' id='word_1_48' title='bbox 897 1069 1105 1130; x_wconf 80' lang='lat' dir='ltr'><strong>Rome.</strong></span> 
     </span>
    </p>
   </div>
   <div class='ocr_carea' id='block_1_4' title="bbox 295 1226 2780 4788">
    <p class='ocr_par' dir='ltr' id='par_1_4' title="bbox 295 1226 2780 4788">
     <span class='ocr_line' id='line_1_7' title="bbox 474 1226 2778 1298; baseline 0.002 -14"><span class='ocrx_word' id='word_1_49' title='bbox 474 1227 609 1286; x_wconf 71' lang='lat' dir='ltr'><strong>Pao</strong></span> <span class='ocrx_word' id='word_1_50' title='bbox 664 1226 976 1287; x_wconf 71' lang='lat' dir='ltr'><strong>Ronmrro</strong></span> <span class='ocrx_word' id='word_1_51' title='bbox 1030 1245 1117 1285; x_wconf 76' lang='lat' dir='ltr'><strong>Da·</strong></span> <span class='ocrx_word' id='word_1_52' title='bbox 1180 1227 1362 1298; x_wconf 74' lang='lat' dir='ltr'><strong>SAPY,</strong></span> <span class='ocrx_word' id='word_1_53' title='bbox 1407 1244 1828 1298; x_wconf 69' lang='lat' dir='ltr'><strong>PBESBITRRO,</strong></span> <span class='ocrx_word' id='word_1_54' title='bbox 1875 1245 1961 1286; x_wconf 77' lang='lat' dir='ltr'><strong>DE:</strong></span> <span class='ocrx_word' id='word_1_55' title='bbox 2013 1244 2522 1288; x_wconf 67' lang='lat' dir='ltr'><strong>DISPENSAOIONE</strong></span> <span class='ocrx_word' id='word_1_56' title='bbox 2568 1245 2778 1288; x_wconf 75' lang='lat' dir='ltr'><strong>sUPnR</strong></span> 
     </span>
     <span class='ocr_line' id='line_1_8' title="bbox 310 1330 2780 1410; baseline 0.002 -22"><span class='ocrx_word' id='word_1_57' title='bbox 310 1330 1343 1391; x_wconf 68' lang='lat' dir='ltr'><strong>nmseumm&#39;m&#39;rm.—Venerabili</strong></span> <span class='ocrx_word' id='word_1_58' title='bbox 1386 1331 1450 1389; x_wconf 92' lang='lat' dir='ltr'><strong>in</strong></span> <span class='ocrx_word' id='word_1_59' title='bbox 1495 1330 1750 1392; x_wconf 82' lang='lat' dir='ltr'><strong>Christo</strong></span> <span class='ocrx_word' id='word_1_60' title='bbox 1793 1331 1966 1390; x_wconf 80' lang='lat' dir='ltr'><strong>Patri</strong></span> <span class='ocrx_word' id='word_1_61' title='bbox 2027 1332 2313 1410; x_wconf 88' lang='lat' dir='ltr'><strong>[Thome]</strong></span> <span class='ocrx_word' id='word_1_62' title='bbox 2338 1379 2352 1402; x_wconf 90' lang='lat'>‚</span> <span class='ocrx_word' id='word_1_63' title='bbox 2408 1331 2526 1391; x_wconf 87' lang='lat' dir='ltr'><strong>Dei</strong></span> <span class='ocrx_word' id='word_1_64' title='bbox 2568 1332 2780 1409; x_wconf 87' lang='lat' dir='ltr'><strong>gracia</strong></span> 
     </span>
     <span class='ocr_line' id='line_1_9' title="bbox 309 1435 2774 1516; baseline -0.001 -18"><span class='ocrx_word' id='word_1_65' title='bbox 309 1438 624 1516; x_wconf 79' lang='lat' dir='ltr'>Episcopo</span> <span class='ocrx_word' id='word_1_66' title='bbox 696 1437 1165 1506; x_wconf 76' lang='lat' dir='ltr'><strong>Hereiordensi,</strong></span> <span class='ocrx_word' id='word_1_67' title='bbox 1239 1438 1432 1496; x_wconf 84' lang='lat' dir='ltr'><strong>frater</strong></span> <span class='ocrx_word' id='word_1_68' title='bbox 1503 1436 1846 1506; x_wconf 78' lang='lat' dir='ltr'><strong>GrilbertuS,</strong></span> <span class='ocrx_word' id='word_1_69' title='bbox 1918 1435 2172 1495; x_wconf 87' lang='lat' dir='ltr'>Domini</span> <span class='ocrx_word' id='word_1_70' title='bbox 2240 1436 2415 1515; x_wconf 87' lang='lat' dir='ltr'><strong>Pape</strong></span> <span class='ocrx_word' id='word_1_71' title='bbox 2480 1436 2774 1496; x_wconf 89' lang='lat' dir='ltr'><strong>Peniten-</strong></span> 
     </span>
     <span class='ocr_line' id='line_1_10' title="bbox 311 1541 2779 1620; baseline -0.001 -15"><span class='ocrx_word' id='word_1_72' title='bbox 311 1544 559 1614; x_wconf 79' lang='lat' dir='ltr'><strong>ciariuS,</strong></span> <span class='ocrx_word' id='word_1_73' title='bbox 620 1543 891 1602; x_wconf 89' lang='lat' dir='ltr'><strong>salutern</strong></span> <span class='ocrx_word' id='word_1_74' title='bbox 946 1541 1011 1600; x_wconf 90' lang='lat' dir='ltr'><strong>in</strong></span> <span class='ocrx_word' id='word_1_75' title='bbox 1074 1541 1363 1602; x_wconf 87' lang='lat' dir='ltr'><strong>Domino.</strong></span> <span class='ocrx_word' id='word_1_76' title='bbox 1465 1541 1780 1601; x_wconf 85' lang='lat' dir='ltr'><strong>Bobertus</strong></span> <span class='ocrx_word' id='word_1_77' title='bbox 1837 1541 1914 1601; x_wconf 93' lang='lat' dir='ltr'><strong>de</strong></span> <span class='ocrx_word' id='word_1_78' title='bbox 1974 1542 2143 1619; x_wconf 89' lang='lat' dir='ltr'><strong>Sapi,</strong></span> <span class='ocrx_word' id='word_1_79' title='bbox 2194 1542 2519 1620; x_wconf 76' lang='lat' dir='ltr'>presbiter,</span> <span class='ocrx_word' id='word_1_80' title='bbox 2574 1549 2779 1603; x_wconf 90' lang='lat' dir='ltr'><strong>vestre</strong></span> 
     </span>
     <span class='ocr_line' id='line_1_11' title="bbox 312 1646 2780 1726; baseline 0 -18"><span class='ocrx_word' id='word_1_81' title='bbox 312 1649 594 1718; x_wconf 90' lang='lat' dir='ltr'><strong>diocesis,</strong></span> <span class='ocrx_word' id='word_1_82' title='bbox 652 1647 818 1707; x_wconf 89' lang='lat' dir='ltr'><strong>lator</strong></span> <span class='ocrx_word' id='word_1_83' title='bbox 870 1647 1285 1726; x_wconf 90' lang='lat' dir='ltr'><strong>presencium,</strong></span> <span class='ocrx_word' id='word_1_84' title='bbox 1347 1666 1463 1706; x_wconf 91' lang='lat' dir='ltr'><strong>sua</strong></span> <span class='ocrx_word' id='word_1_85' title='bbox 1522 1646 1701 1706; x_wconf 89' lang='lat' dir='ltr'><strong>nobis</strong></span> <span class='ocrx_word' id='word_1_86' title='bbox 1759 1647 2150 1706; x_wconf 87' lang='lat' dir='ltr'><strong>confessione</strong></span> <span class='ocrx_word' id='word_1_87' title='bbox 2197 1649 2568 1707; x_wconf 86' lang='lat' dir='ltr'><strong>monstravit</strong></span> <span class='ocrx_word' id='word_1_88' title='bbox 2611 1647 2780 1726; x_wconf 85' lang='lat' dir='ltr'><strong>quod</strong></span> 
     </span>
     <span class='ocr_line' id='line_1_12' title="bbox 311 1752 2777 1832; baseline 0 -18"><span class='ocrx_word' id='word_1_89' title='bbox 311 1756 441 1832; x_wconf 91' lang='lat' dir='ltr'><strong>ipse</strong></span> <span class='ocrx_word' id='word_1_90' title='bbox 499 1754 669 1822; x_wconf 86' lang='lat' dir='ltr'><strong>olim,</strong></span> <span class='ocrx_word' id='word_1_91' title='bbox 726 1753 832 1828; x_wconf 88' lang='lat' dir='ltr'><strong>qui</strong></span> <span class='ocrx_word' id='word_1_92' title='bbox 882 1754 1159 1812; x_wconf 80' lang='lat' dir='ltr'><strong>existens</strong></span> <span class='ocrx_word' id='word_1_93' title='bbox 1214 1752 1515 1812; x_wconf 90' lang='lat' dir='ltr'><strong>diaconus</strong></span> <span class='ocrx_word' id='word_1_94' title='bbox 1572 1753 1637 1812; x_wconf 88' lang='lat' dir='ltr'><strong>in</strong></span> <span class='ocrx_word' id='word_1_95' title='bbox 1684 1753 2121 1831; x_wconf 87' lang='lat' dir='ltr'><strong>Wygorniensi</strong></span> <span class='ocrx_word' id='word_1_96' title='bbox 2174 1753 2405 1813; x_wconf 77' lang='lat' dir='ltr'><strong>diocesi</strong></span> <span class='ocrx_word' id='word_1_97' title='bbox 2463 1754 2777 1814; x_wconf 79' lang='lat' dir='ltr'><strong>diutinam</strong></span> 
     </span>
     <span class='ocr_line' id='line_1_13' title="bbox 310 1858 2775 1937; baseline -0 -17"><span class='ocrx_word' id='word_1_98' title='bbox 310 1879 547 1920; x_wconf 87' lang='lat' dir='ltr'><strong>moram</strong></span> <span class='ocrx_word' id='word_1_99' title='bbox 608 1863 907 1929; x_wconf 74' lang='lat' dir='ltr'>traxerat,</span> <span class='ocrx_word' id='word_1_100' title='bbox 967 1866 1177 1917; x_wconf 82' lang='lat' dir='ltr'><strong>vestra</strong></span> <span class='ocrx_word' id='word_1_101' title='bbox 1232 1858 1495 1918; x_wconf 90' lang='lat' dir='ltr'><strong>licencia</strong></span> <span class='ocrx_word' id='word_1_102' title='bbox 1551 1877 1679 1917; x_wconf 91' lang='lat' dir='ltr'><strong>non</strong></span> <span class='ocrx_word' id='word_1_103' title='bbox 1738 1864 1998 1936; x_wconf 91' lang='lat' dir='ltr'><strong>optenta</strong></span> <span class='ocrx_word' id='word_1_104' title='bbox 2055 1879 2121 1918; x_wconf 89' lang='lat' dir='ltr'><strong>se</strong></span> <span class='ocrx_word' id='word_1_105' title='bbox 2177 1859 2324 1918; x_wconf 87' lang='lat' dir='ltr'><strong>fecit</strong></span> <span class='ocrx_word' id='word_1_106' title='bbox 2382 1859 2612 1918; x_wconf 89' lang='lat' dir='ltr'><strong>ibidem</strong></span> <span class='ocrx_word' id='word_1_107' title='bbox 2663 1878 2775 1937; x_wconf 89' lang='lat' dir='ltr'><strong>per</strong></span> 
     </span>
     <span class='ocr_line' id='line_1_14' title="bbox 310 1963 2778 2044; baseline 0 -18"><span class='ocrx_word' id='word_1_108' title='bbox 310 1963 747 2026; x_wconf 87' lang='lat' dir='ltr'><strong>Venerabilem</strong></span> <span class='ocrx_word' id='word_1_109' title='bbox 812 1964 1087 2034; x_wconf 89' lang='lat' dir='ltr'><strong>Patrem,</strong></span> <span class='ocrx_word' id='word_1_110' title='bbox 1156 1963 1669 2041; x_wconf 90' lang='lat' dir='ltr'><strong>Wygorniensem</strong></span> <span class='ocrx_word' id='word_1_111' title='bbox 1722 1964 2129 2044; x_wconf 79' lang='lat' dir='ltr'><strong>Episcopum,</strong></span> <span class='ocrx_word' id='word_1_112' title='bbox 2190 1965 2269 2024; x_wconf 90' lang='lat' dir='ltr'><strong>ad</strong></span> <span class='ocrx_word' id='word_1_113' title='bbox 2324 1965 2778 2042; x_wconf 77' lang='lat' dir='ltr'>presbiteratus</span> 
     </span>
     <span class='ocr_line' id='line_1_15' title="bbox 311 2070 2776 2148; baseline 0.001 -17"><span class='ocrx_word' id='word_1_114' title='bbox 311 2071 609 2132; x_wconf 87' lang='lat' dir='ltr'><strong>Ordinem</strong></span> <span class='ocrx_word' id='word_1_115' title='bbox 652 2070 1031 2147; x_wconf 89' lang='lat' dir='ltr'><strong>promoveri;</strong></span> <span class='ocrx_word' id='word_1_116' title='bbox 1078 2071 1193 2130; x_wconf 89' lang='lat' dir='ltr'><strong>rite</strong></span> <span class='ocrx_word' id='word_1_117' title='bbox 1238 2078 1452 2129; x_wconf 91' lang='lat' dir='ltr'><strong>tamen</strong></span> <span class='ocrx_word' id='word_1_118' title='bbox 1496 2070 1651 2140; x_wconf 86' lang='lat' dir='ltr'><strong>alias</strong></span> <span class='ocrx_word' id='word_1_119' title='bbox 1695 2071 1956 2130; x_wconf 87' lang='lat' dir='ltr'><strong>statutis</strong></span> <span class='ocrx_word' id='word_1_120' title='bbox 2000 2091 2038 2129; x_wconf 88' lang='lat' dir='ltr'><strong>a</strong></span> <span class='ocrx_word' id='word_1_121' title='bbox 2077 2071 2215 2148; x_wconf 83' lang='lat' dir='ltr'><strong>jure</strong></span> <span class='ocrx_word' id='word_1_122' title='bbox 2255 2071 2666 2148; x_wconf 87' lang='lat' dir='ltr'><strong>temporibus,</strong></span> <span class='ocrx_word' id='word_1_123' title='bbox 2710 2081 2776 2132; x_wconf 84' lang='lat' dir='ltr'><strong>et</strong></span> 
     </span>
     <span class='ocr_line' id='line_1_16' title="bbox 307 2159 2772 2256; baseline -0 -19"><span class='ocrx_word' id='word_1_124' title='bbox 307 2178 545 2256; x_wconf 88' lang='lat' dir='ltr'><strong>absque</strong></span> <span class='ocrx_word' id='word_1_125' title='bbox 608 2176 765 2236; x_wconf 90' lang='lat' dir='ltr'><strong>vicio</strong></span> <span class='ocrx_word' id='word_1_126' title='bbox 824 2175 1107 2236; x_wconf 85' lang='lat' dir='ltr'><strong>simonie.</strong></span> <span class='ocrx_word' id='word_1_127' title='bbox 1211 2176 1297 2235; x_wconf 87' lang='lat' dir='ltr'><strong>Et</strong></span> <span class='ocrx_word' id='word_1_128' title='bbox 1360 2196 1435 2234; x_wconf 88' lang='lat' dir='ltr'><strong>ex</strong></span> <span class='ocrx_word' id='word_1_129' title='bbox 1496 2177 1616 2235; x_wconf 89' lang='lat' dir='ltr'><strong>hoc</strong></span> <span class='ocrx_word' id='word_1_130' title='bbox 1680 2159 1880 2236; x_wconf 72' lang='lat' dir='ltr'><strong>teneri</strong></span> <span class='ocrx_word' id='word_1_131' title='bbox 1945 2196 2071 2235; x_wconf 88' lang='lat' dir='ltr'><strong>non</strong></span> <span class='ocrx_word' id='word_1_132' title='bbox 2132 2176 2410 2247; x_wconf 90' lang='lat' dir='ltr'><strong>credens,</strong></span> <span class='ocrx_word' id='word_1_133' title='bbox 2472 2183 2772 2256; x_wconf 78' lang='lat' dir='ltr'><strong>tanquam</strong></span> 
     </span>
     <span class='ocr_line' id='line_1_17' title="bbox 308 2281 2775 2360; baseline 0 -18"><span class='ocrx_word' id='word_1_134' title='bbox 308 2282 571 2360; x_wconf 87' lang='lat' dir='ltr'><strong>simplex</strong></span> <span class='ocrx_word' id='word_1_135' title='bbox 624 2299 686 2341; x_wconf 90' lang='lat' dir='ltr'><strong>et</strong></span> <span class='ocrx_word' id='word_1_136' title='bbox 735 2281 893 2359; x_wconf 86' lang='lat' dir='ltr'><strong>juris</strong></span> <span class='ocrx_word' id='word_1_137' title='bbox 942 2281 1216 2358; x_wconf 87' lang='lat' dir='ltr'><strong>ignarus,</strong></span> <span class='ocrx_word' id='word_1_138' title='bbox 1262 2281 1463 2341; x_wconf 90' lang='lat' dir='ltr'><strong>eciam</strong></span> <span class='ocrx_word' id='word_1_139' title='bbox 1507 2288 1650 2360; x_wconf 90' lang='lat' dir='ltr'><strong>post</strong></span> <span class='ocrx_word' id='word_1_140' title='bbox 1696 2293 1974 2342; x_wconf 88' lang='lat' dir='ltr'><strong>vestram</strong></span> <span class='ocrx_word' id='word_1_141' title='bbox 2033 2281 2477 2341; x_wconf 90' lang='lat' dir='ltr'><strong>inhibicionem</strong></span> <span class='ocrx_word' id='word_1_142' title='bbox 2537 2281 2775 2342; x_wconf 83' lang='lat' dir='ltr'><strong>factam</strong></span> 
     </span>
     <span class='ocr_line' id='line_1_18' title="bbox 307 2388 2777 2467; baseline -0 -18"><span class='ocrx_word' id='word_1_143' title='bbox 307 2389 571 2467; x_wconf 83' lang='lat' dir='ltr'><strong>simplici</strong></span> <span class='ocrx_word' id='word_1_144' title='bbox 614 2388 801 2448; x_wconf 92' lang='lat' dir='ltr'><strong>verbo</strong></span> <span class='ocrx_word' id='word_1_145' title='bbox 852 2394 1124 2458; x_wconf 86' lang='lat' dir='ltr'><strong>tanturn,</strong></span> <span class='ocrx_word' id='word_1_146' title='bbox 1181 2408 1306 2447; x_wconf 89' lang='lat' dir='ltr'><strong>non</strong></span> <span class='ocrx_word' id='word_1_147' title='bbox 1358 2395 1573 2448; x_wconf 88' lang='lat' dir='ltr'><strong>tamen</strong></span> <span class='ocrx_word' id='word_1_148' title='bbox 1623 2390 1687 2449; x_wconf 92' lang='lat' dir='ltr'><strong>in</strong></span> <span class='ocrx_word' id='word_1_149' title='bbox 1739 2396 2174 2467; x_wconf 88' lang='lat' dir='ltr'><strong>contemptum</strong></span> <span class='ocrx_word' id='word_1_150' title='bbox 2225 2388 2518 2460; x_wconf 88' lang='lat' dir='ltr'><strong>clavium,</strong></span> <span class='ocrx_word' id='word_1_151' title='bbox 2565 2390 2629 2448; x_wconf 91' lang='lat' dir='ltr'><strong>in</strong></span> <span class='ocrx_word' id='word_1_152' title='bbox 2687 2388 2777 2449; x_wconf 90' lang='lat' dir='ltr'><strong>sic</strong></span> 
     </span>
     <span class='ocr_line' id='line_1_19' title="bbox 308 2493 2768 2573; baseline 0 -19"><span class='ocrx_word' id='word_1_153' title='bbox 308 2503 601 2573; x_wconf 87' lang='lat' dir='ltr'><strong>suscepto</strong></span> <span class='ocrx_word' id='word_1_154' title='bbox 645 2494 879 2554; x_wconf 89' lang='lat' dir='ltr'><strong>Ordine</strong></span> <span class='ocrx_word' id='word_1_155' title='bbox 928 2493 1172 2552; x_wconf 85' lang='lat' dir='ltr'><strong>diucius</strong></span> <span class='ocrx_word' id='word_1_156' title='bbox 1224 2493 1625 2565; x_wconf 73' lang='lat' dir='ltr'><strong>ministravit,</strong></span> <span class='ocrx_word' id='word_1_157' title='bbox 1672 2499 1734 2554; x_wconf 92' lang='lat' dir='ltr'><strong>et</strong></span> <span class='ocrx_word' id='word_1_158' title='bbox 1784 2494 1943 2553; x_wconf 87' lang='lat' dir='ltr'><strong>alias</strong></span> <span class='ocrx_word' id='word_1_159' title='bbox 1993 2493 2335 2553; x_wconf 87' lang='lat' dir='ltr'><strong>immiscuit</strong></span> <span class='ocrx_word' id='word_1_160' title='bbox 2386 2513 2454 2554; x_wconf 92' lang='lat' dir='ltr'><strong>se</strong></span> <span class='ocrx_word' id='word_1_161' title='bbox 2503 2493 2768 2565; x_wconf 81' lang='lat' dir='ltr'><strong>divinis;</strong></span> 
     </span>
     <span class='ocr_line' id='line_1_20' title="bbox 304 2599 2773 2679; baseline -0.001 -19"><span class='ocrx_word' id='word_1_162' title='bbox 304 2619 492 2679; x_wconf 90' lang='lat' dir='ltr'><strong>super</strong></span> <span class='ocrx_word' id='word_1_163' title='bbox 547 2600 773 2679; x_wconf 90' lang='lat' dir='ltr'><strong>quibus</strong></span> <span class='ocrx_word' id='word_1_164' title='bbox 832 2599 1059 2660; x_wconf 85' lang='lat' dir='ltr'><strong>Sedem</strong></span> <span class='ocrx_word' id='word_1_165' title='bbox 1120 2599 1538 2677; x_wconf 90' lang='lat' dir='ltr'><strong>Apostolicam</strong></span> <span class='ocrx_word' id='word_1_166' title='bbox 1588 2599 1809 2659; x_wconf 88' lang='lat' dir='ltr'><strong>adiens</strong></span> <span class='ocrx_word' id='word_1_167' title='bbox 1859 2599 2232 2676; x_wconf 87' lang='lat' dir='ltr'><strong>supplicavit</strong></span> <span class='ocrx_word' id='word_1_168' title='bbox 2283 2599 2603 2661; x_wconf 89' lang='lat' dir='ltr'><strong>humiliter</strong></span> <span class='ocrx_word' id='word_1_169' title='bbox 2649 2600 2773 2660; x_wconf 89' lang='lat' dir='ltr'><strong>sibi</strong></span> 
     </span>
     <span class='ocr_line' id='line_1_21' title="bbox 306 2701 2770 2789; baseline 0 -26"><span class='ocrx_word' id='word_1_170' title='bbox 306 2703 787 2763; x_wconf 87' lang='lat' dir='ltr'><strong>misericorditer</strong></span> <span class='ocrx_word' id='word_1_171' title='bbox 848 2701 1179 2780; x_wconf 89' lang='lat' dir='ltr'><strong>provideri.</strong></span> <span class='ocrx_word' id='word_1_172' title='bbox 1288 2702 1384 2762; x_wconf 84' lang='lat' dir='ltr'><strong>Ad</strong></span> <span class='ocrx_word' id='word_1_173' title='bbox 1447 2721 1557 2789; x_wconf 87' lang='lat' dir='ltr'><strong>vos</strong></span> <span class='ocrx_word' id='word_1_174' title='bbox 1622 2702 1811 2780; x_wconf 87' lang='lat' dir='ltr'><strong>igitur</strong></span> <span class='ocrx_word' id='word_1_175' title='bbox 1872 2701 2288 2781; x_wconf 89' lang='lat' dir='ltr'><strong>presbiterum</strong></span> <span class='ocrx_word' id='word_1_176' title='bbox 2351 2705 2770 2774; x_wconf 77' lang='lat' dir='ltr'><strong>remittenteS,</strong></span> 
     </span>
     <span class='ocr_line' id='line_1_22' title="bbox 302 2807 2766 2886; baseline 0.001 -18"><span class='ocrx_word' id='word_1_177' title='bbox 302 2809 570 2868; x_wconf 90' lang='lat' dir='ltr'><strong>eundem</strong></span> <span class='ocrx_word' id='word_1_178' title='bbox 630 2807 1007 2868; x_wconf 87' lang='lat' dir='ltr'><strong>Paternitati</strong></span> <span class='ocrx_word' id='word_1_179' title='bbox 1063 2816 1270 2867; x_wconf 88' lang='lat' dir='ltr'><strong>vestre</strong></span> <span class='ocrx_word' id='word_1_180' title='bbox 1328 2811 1703 2868; x_wconf 89' lang='lat' dir='ltr'><strong>auctoritate</strong></span> <span class='ocrx_word' id='word_1_181' title='bbox 1763 2808 2018 2867; x_wconf 89' lang='lat' dir='ltr'><strong>Domini</strong></span> <span class='ocrx_word' id='word_1_182' title='bbox 2078 2808 2249 2886; x_wconf 90' lang='lat' dir='ltr'><strong>Pape</strong></span> <span class='ocrx_word' id='word_1_183' title='bbox 2292 2809 2766 2881; x_wconf 87' lang='lat' dir='ltr'><strong>committimus,</strong></span> 
     </span>
     <span class='ocr_line' id='line_1_23' title="bbox 301 2913 2771 2992; baseline 0.001 -19"><span class='ocrx_word' id='word_1_184' title='bbox 301 2913 469 2992; x_wconf 90' lang='lat' dir='ltr'><strong>quod</strong></span> <span class='ocrx_word' id='word_1_185' title='bbox 512 2913 566 2972; x_wconf 92' lang='lat' dir='ltr'><strong>si</strong></span> <span class='ocrx_word' id='word_1_186' title='bbox 608 2921 706 2972; x_wconf 91' lang='lat' dir='ltr'><strong>est</strong></span> <span class='ocrx_word' id='word_1_187' title='bbox 746 2913 857 2983; x_wconf 90' lang='lat' dir='ltr'><strong>ita,</strong></span> <span class='ocrx_word' id='word_1_188' title='bbox 904 2919 966 2972; x_wconf 91' lang='lat' dir='ltr'><strong>et</strong></span> <span class='ocrx_word' id='word_1_189' title='bbox 1016 2913 1080 2970; x_wconf 92' lang='lat' dir='ltr'><strong>in</strong></span> <span class='ocrx_word' id='word_1_190' title='bbox 1131 2913 1291 2973; x_wconf 88' lang='lat' dir='ltr'><strong>tales</strong></span> <span class='ocrx_word' id='word_1_191' title='bbox 1338 2923 1487 2972; x_wconf 87' lang='lat' dir='ltr'><strong>ante</strong></span> <span class='ocrx_word' id='word_1_192' title='bbox 1553 2913 1641 2972; x_wconf 92' lang='lat' dir='ltr'><strong>sic</strong></span> <span class='ocrx_word' id='word_1_193' title='bbox 1692 2913 1970 2991; x_wconf 87' lang='lat' dir='ltr'><strong>suscepti</strong></span> <span class='ocrx_word' id='word_1_194' title='bbox 2029 2913 2282 2974; x_wconf 87' lang='lat' dir='ltr'><strong>Ordinis</strong></span> <span class='ocrx_word' id='word_1_195' title='bbox 2339 2917 2771 2992; x_wconf 87' lang='lat' dir='ltr'><strong>recepcionem</strong></span> 
     </span>
     <span class='ocr_line' id='line_1_24' title="bbox 295 3018 2768 3097; baseline 0 -19"><span class='ocrx_word' id='word_1_196' title='bbox 295 3038 430 3079; x_wconf 90' lang='lat' dir='ltr'><strong>non</strong></span> <span class='ocrx_word' id='word_1_197' title='bbox 492 3019 611 3078; x_wconf 83' lang='lat' dir='ltr'><strong>fuit</strong></span> <span class='ocrx_word' id='word_1_198' title='bbox 675 3018 1348 3078; x_wconf 83' lang='lat' dir='ltr'><strong>excommunicacionis</strong></span> <span class='ocrx_word' id='word_1_199' title='bbox 1406 3020 1728 3078; x_wconf 89' lang='lat' dir='ltr'><strong>sentencia</strong></span> <span class='ocrx_word' id='word_1_200' title='bbox 1782 3019 2215 3097; x_wconf 86' lang='lat' dir='ltr'><strong>promulgata;</strong></span> <span class='ocrx_word' id='word_1_201' title='bbox 2282 3019 2570 3096; x_wconf 83' lang='lat' dir='ltr'><strong>injuncta</strong></span> <span class='ocrx_word' id='word_1_202' title='bbox 2629 3020 2768 3092; x_wconf 88' lang='lat' dir='ltr'><strong>sibi,</strong></span> 
     </span>
     <span class='ocr_line' id='line_1_25' title="bbox 298 3122 2766 3204; baseline 0.001 -22"><span class='ocrx_word' id='word_1_203' title='bbox 298 3123 513 3182; x_wconf 88' lang='lat' dir='ltr'><strong>debita</strong></span> <span class='ocrx_word' id='word_1_204' title='bbox 572 3122 973 3183; x_wconf 89' lang='lat' dir='ltr'><strong>absolucione</strong></span> <span class='ocrx_word' id='word_1_205' title='bbox 1031 3122 1264 3201; x_wconf 89' lang='lat' dir='ltr'><strong>previa,</strong></span> <span class='ocrx_word' id='word_1_206' title='bbox 1325 3123 1685 3201; x_wconf 89' lang='lat' dir='ltr'><strong>penitencia</strong></span> <span class='ocrx_word' id='word_1_207' title='bbox 1755 3123 2038 3195; x_wconf 84' lang='lat' dir='ltr'><strong>salutari,</strong></span> <span class='ocrx_word' id='word_1_208' title='bbox 2101 3142 2298 3203; x_wconf 90' lang='lat' dir='ltr'><strong>eoque</strong></span> <span class='ocrx_word' id='word_1_209' title='bbox 2345 3125 2425 3184; x_wconf 86' lang='lat' dir='ltr'><strong>ad</strong></span> <span class='ocrx_word' id='word_1_210' title='bbox 2496 3132 2766 3204; x_wconf 87' lang='lat' dir='ltr'><strong>tempus,</strong></span> 
     </span>
     <span class='ocr_line' id='line_1_26' title="bbox 298 3228 2769 3307; baseline 0.002 -19"><span class='ocrx_word' id='word_1_211' title='bbox 298 3229 483 3306; x_wconf 82' lang='lat' dir='ltr'><strong>juxta</strong></span> <span class='ocrx_word' id='word_1_212' title='bbox 525 3238 731 3289; x_wconf 88' lang='lat' dir='ltr'><strong>vestre</strong></span> <span class='ocrx_word' id='word_1_213' title='bbox 788 3228 1187 3288; x_wconf 89' lang='lat' dir='ltr'><strong>discrecionis</strong></span> <span class='ocrx_word' id='word_1_214' title='bbox 1245 3229 1592 3298; x_wconf 87' lang='lat' dir='ltr'><strong>arbitrium,</strong></span> <span class='ocrx_word' id='word_1_215' title='bbox 1650 3249 1689 3289; x_wconf 90' lang='lat' dir='ltr'><strong>a</strong></span> <span class='ocrx_word' id='word_1_216' title='bbox 1747 3230 1835 3289; x_wconf 90' lang='lat' dir='ltr'><strong>sic</strong></span> <span class='ocrx_word' id='word_1_217' title='bbox 1901 3230 2175 3307; x_wconf 87' lang='lat' dir='ltr'><strong>suscepti</strong></span> <span class='ocrx_word' id='word_1_218' title='bbox 2235 3230 2488 3291; x_wconf 90' lang='lat' dir='ltr'><strong>Ordinis</strong></span> <span class='ocrx_word' id='word_1_219' title='bbox 2544 3252 2769 3293; x_wconf 88' lang='lat' dir='ltr'><strong>execu-</strong></span> 
     </span>
     <span class='ocr_line' id='line_1_27' title="bbox 298 3315 2772 3414; baseline 0.002 -22"><span class='ocrx_word' id='word_1_220' title='bbox 298 3333 478 3394; x_wconf 88' lang='lat' dir='ltr'><strong>cione</strong></span> <span class='ocrx_word' id='word_1_221' title='bbox 536 3315 860 3411; x_wconf 81' lang='lat' dir='ltr'><strong>suspensO,</strong></span> <span class='ocrx_word' id='word_1_222' title='bbox 923 3352 1113 3411; x_wconf 88' lang='lat' dir='ltr'><strong>super</strong></span> <span class='ocrx_word' id='word_1_223' title='bbox 1164 3333 1360 3411; x_wconf 88' lang='lat' dir='ltr'><strong>ipsius</strong></span> <span class='ocrx_word' id='word_1_224' title='bbox 1430 3334 1682 3393; x_wconf 88' lang='lat' dir='ltr'><strong>Ordinis</strong></span> <span class='ocrx_word' id='word_1_225' title='bbox 1741 3335 2114 3394; x_wconf 87' lang='lat' dir='ltr'><strong>execucione</strong></span> <span class='ocrx_word' id='word_1_226' title='bbox 2179 3343 2240 3395; x_wconf 94' lang='lat' dir='ltr'><strong>et</strong></span> <span class='ocrx_word' id='word_1_227' title='bbox 2309 3336 2772 3414; x_wconf 87' lang='lat' dir='ltr'><strong>irregularitate</strong></span> 
     </span>
     <span class='ocr_line' id='line_1_28' title="bbox 300 3439 2770 3518; baseline 0.002 -20"><span class='ocrx_word' id='word_1_228' title='bbox 300 3457 379 3498; x_wconf 85' lang='lat' dir='ltr'><strong>ex</strong></span> <span class='ocrx_word' id='word_1_229' title='bbox 442 3439 763 3516; x_wconf 89' lang='lat' dir='ltr'><strong>premissis</strong></span> <span class='ocrx_word' id='word_1_230' title='bbox 826 3446 1153 3499; x_wconf 85' lang='lat' dir='ltr'><strong>contracta</strong></span> <span class='ocrx_word' id='word_1_231' title='bbox 1217 3459 1429 3498; x_wconf 89' lang='lat' dir='ltr'><strong>secum</strong></span> <span class='ocrx_word' id='word_1_232' title='bbox 1494 3441 1874 3500; x_wconf 89' lang='lat' dir='ltr'><strong>auctoritate</strong></span> <span class='ocrx_word' id='word_1_233' title='bbox 1937 3441 2219 3518; x_wconf 87' lang='lat' dir='ltr'><strong>predicta</strong></span> <span class='ocrx_word' id='word_1_234' title='bbox 2287 3442 2770 3504; x_wconf 85' lang='lat' dir='ltr'><strong>misericorditer</strong></span> 
     </span>
     <span class='ocr_line' id='line_1_29' title="bbox 299 3545 2773 3627; baseline 0.002 -22"><span class='ocrx_word' id='word_1_235' title='bbox 299 3545 695 3623; x_wconf 89' lang='lat' dir='ltr'><strong>dispensetis,</strong></span> <span class='ocrx_word' id='word_1_236' title='bbox 755 3554 939 3623; x_wconf 88' lang='lat' dir='ltr'><strong>prout</strong></span> <span class='ocrx_word' id='word_1_237' title='bbox 999 3546 1343 3605; x_wconf 89' lang='lat' dir='ltr'><strong>secundum</strong></span> <span class='ocrx_word' id='word_1_238' title='bbox 1417 3546 1622 3604; x_wconf 88' lang='lat' dir='ltr'><strong>Deum</strong></span> <span class='ocrx_word' id='word_1_239' title='bbox 1693 3547 1902 3605; x_wconf 88' lang='lat' dir='ltr'><strong>anime</strong></span> <span class='ocrx_word' id='word_1_240' title='bbox 1964 3547 2159 3624; x_wconf 87' lang='lat' dir='ltr'><strong>ipsius</strong></span> <span class='ocrx_word' id='word_1_241' title='bbox 2226 3548 2416 3607; x_wconf 84' lang='lat' dir='ltr'><strong>saluti</strong></span> <span class='ocrx_word' id='word_1_242' title='bbox 2481 3549 2773 3627; x_wconf 85' lang='lat' dir='ltr'><strong>expedire</strong></span> 
     </span>
     <span class='ocr_line' id='line_1_30' title="bbox 298 3649 2764 3732; baseline 0.002 -23"><span class='ocrx_word' id='word_1_243' title='bbox 298 3651 611 3722; x_wconf 88' lang='lat' dir='ltr'><strong>videritis;</strong></span> <span class='ocrx_word' id='word_1_244' title='bbox 664 3649 1004 3710; x_wconf 91' lang='lat' dir='ltr'><strong>dummodo</strong></span> <span class='ocrx_word' id='word_1_245' title='bbox 1054 3651 1211 3710; x_wconf 89' lang='lat' dir='ltr'><strong>alias</strong></span> <span class='ocrx_word' id='word_1_246' title='bbox 1262 3651 1378 3711; x_wconf 90' lang='lat' dir='ltr'><strong>sibi</strong></span> <span class='ocrx_word' id='word_1_247' title='bbox 1422 3651 1650 3711; x_wconf 88' lang='lat' dir='ltr'><strong>merita</strong></span> <span class='ocrx_word' id='word_1_248' title='bbox 1692 3651 2128 3729; x_wconf 87' lang='lat' dir='ltr'><strong>suffragentur,</strong></span> <span class='ocrx_word' id='word_1_249' title='bbox 2175 3653 2468 3732; x_wconf 86' lang='lat' dir='ltr'><strong>aliudque</strong></span> <span class='ocrx_word' id='word_1_250' title='bbox 2511 3655 2764 3714; x_wconf 89' lang='lat' dir='ltr'><strong>canoni-</strong></span> 
     </span>
     <span class='ocr_line' id='line_1_31' title="bbox 298 3756 2769 3836; baseline 0.002 -19"><span class='ocrx_word' id='word_1_251' title='bbox 298 3777 443 3818; x_wconf 90' lang='lat' dir='ltr'><strong>cum</strong></span> <span class='ocrx_word' id='word_1_252' title='bbox 502 3777 628 3816; x_wconf 91' lang='lat' dir='ltr'><strong>non</strong></span> <span class='ocrx_word' id='word_1_253' title='bbox 688 3756 977 3816; x_wconf 87' lang='lat' dir='ltr'><strong>obsistat.</strong></span> <span class='ocrx_word' id='word_1_254' title='bbox 1083 3758 1321 3818; x_wconf 87' lang='lat' dir='ltr'><strong>Datum</strong></span> <span class='ocrx_word' id='word_1_255' title='bbox 1381 3759 1577 3817; x_wconf 88' lang='lat' dir='ltr'><strong>Rome</strong></span> <span class='ocrx_word' id='word_1_256' title='bbox 1635 3759 1804 3836; x_wconf 87' lang='lat' dir='ltr'><strong>apud</strong></span> <span class='ocrx_word' id='word_1_257' title='bbox 1849 3759 2149 3819; x_wconf 87' lang='lat' dir='ltr'><strong>Sanctum</strong></span> <span class='ocrx_word' id='word_1_258' title='bbox 2210 3760 2486 3830; x_wconf 89' lang='lat' dir='ltr'><strong>Petrum,</strong></span> <span class='ocrx_word' id='word_1_259' title='bbox 2549 3760 2769 3821; x_wconf 88' lang='lat' dir='ltr'><strong>Idibus</strong></span> 
     </span>
     <span class='ocr_line' id='line_1_32' title="bbox 298 3861 2768 3941; baseline 0.001 -19"><span class='ocrx_word' id='word_1_260' title='bbox 298 3862 695 3931; x_wconf 85' lang='lat' dir='ltr'><strong>Novembris,</strong></span> <span class='ocrx_word' id='word_1_261' title='bbox 735 3861 1149 3922; x_wconf 87' lang='lat' dir='ltr'><strong>Pontificatus</strong></span> <span class='ocrx_word' id='word_1_262' title='bbox 1186 3863 1441 3922; x_wconf 85' lang='lat' dir='ltr'><strong>Domini</strong></span> <span class='ocrx_word' id='word_1_263' title='bbox 1478 3862 1769 3922; x_wconf 90' lang='lat' dir='ltr'><strong>Nicholai</strong></span> <span class='ocrx_word' id='word_1_264' title='bbox 1811 3864 1981 3941; x_wconf 85' lang='lat' dir='ltr'><strong>Pape</strong></span> <span class='ocrx_word' id='word_1_265' title='bbox 2021 3863 2222 3922; x_wconf 85' lang='lat' dir='ltr'><strong>Tercii</strong></span> <span class='ocrx_word' id='word_1_266' title='bbox 2264 3884 2430 3924; x_wconf 89' lang='lat' dir='ltr'><strong>anno</strong></span> <span class='ocrx_word' id='word_1_267' title='bbox 2470 3865 2768 3937; x_wconf 84' lang='lat' dir='ltr'><strong>secunde,</strong></span> 
     </span>
     <span class='ocr_line' id='line_1_33' title="bbox 296 3967 2770 4050; baseline 0.002 -24"><span class='ocrx_word' id='word_1_268' title='bbox 296 3968 593 4038; x_wconf 80' lang='lat' dir='ltr'><strong>Thomas,</strong></span> <span class='ocrx_word' id='word_1_269' title='bbox 658 3978 803 4038; x_wconf 65' lang='lat' dir='ltr'><strong>etc„</strong></span> <span class='ocrx_word' id='word_1_270' title='bbox 866 3968 1140 4050; x_wconf 57' lang='lat' dir='ltr'><strong>Rgoberto</strong></span> <span class='ocrx_word' id='word_1_271' title='bbox 1210 3967 1286 4027; x_wconf 90' lang='lat' dir='ltr'><strong>de</strong></span> <span class='ocrx_word' id='word_1_272' title='bbox 1360 3967 1549 4046; x_wconf 88' lang='lat' dir='ltr'><strong>Sapy,</strong></span> <span class='ocrx_word' id='word_1_273' title='bbox 1622 3969 1988 4046; x_wconf 90' lang='lat' dir='ltr'><strong>presbiter0‚</strong></span> <span class='ocrx_word' id='word_1_274' title='bbox 2064 3969 2354 4040; x_wconf 88' lang='lat' dir='ltr'><strong>salutem,</strong></span> <span class='ocrx_word' id='word_1_275' title='bbox 2427 3978 2547 4030; x_wconf 89' lang='lat' dir='ltr'><strong>ete.</strong></span> <span class='ocrx_word' id='word_1_276' title='bbox 2675 3971 2770 4032; x_wconf 87' lang='lat' dir='ltr'><strong>Ut</strong></span> 
     </span>
     <span class='ocr_line' id='line_1_34' title="bbox 296 4073 2760 4154; baseline 0.001 -20"><span class='ocrx_word' id='word_1_277' title='bbox 296 4075 738 4134; x_wconf 86' lang='lat' dir='ltr'><strong>execucionem</strong></span> <span class='ocrx_word' id='word_1_278' title='bbox 822 4073 1079 4135; x_wconf 90' lang='lat' dir='ltr'><strong>Ordinis</strong></span> <span class='ocrx_word' id='word_1_279' title='bbox 1163 4074 1636 4152; x_wconf 88' lang='lat' dir='ltr'><strong>presbiteratus,</strong></span> <span class='ocrx_word' id='word_1_280' title='bbox 1717 4095 1903 4154; x_wconf 90' lang='lat' dir='ltr'><strong>quem</strong></span> <span class='ocrx_word' id='word_1_281' title='bbox 1991 4095 2029 4135; x_wconf 87' lang='lat' dir='ltr'><strong>a</strong></span> <span class='ocrx_word' id='word_1_282' title='bbox 2110 4075 2465 4136; x_wconf 88' lang='lat' dir='ltr'><strong>Venerabili</strong></span> <span class='ocrx_word' id='word_1_283' title='bbox 2550 4076 2760 4148; x_wconf 89' lang='lat' dir='ltr'><strong>Patre,</strong></span> 
     </span>
     <span class='ocr_line' id='line_1_35' title="bbox 298 4179 2772 4260; baseline 0.002 -21"><span class='ocrx_word' id='word_1_284' title='bbox 298 4179 574 4240; x_wconf 91' lang='lat' dir='ltr'><strong>Domino</strong></span> <span class='ocrx_word' id='word_1_285' title='bbox 626 4179 1065 4258; x_wconf 88' lang='lat' dir='ltr'><strong>Wygorniensi</strong></span> <span class='ocrx_word' id='word_1_286' title='bbox 1128 4179 1463 4257; x_wconf 86' lang='lat' dir='ltr'><strong>Episcop0,</strong></span> <span class='ocrx_word' id='word_1_287' title='bbox 1524 4180 1758 4260; x_wconf 83' lang='lat' dir='ltr'><strong>absque</strong></span> <span class='ocrx_word' id='word_1_288' title='bbox 1817 4181 2046 4241; x_wconf 88' lang='lat' dir='ltr'><strong>nostris</strong></span> <span class='ocrx_word' id='word_1_289' title='bbox 2102 4180 2330 4241; x_wconf 90' lang='lat' dir='ltr'><strong>litteris</strong></span> <span class='ocrx_word' id='word_1_290' title='bbox 2393 4181 2772 4244; x_wconf 88' lang='lat' dir='ltr'><strong>dimissoriis</strong></span> 
     </span>
     <span class='ocr_line' id='line_1_36' title="bbox 296 4283 2765 4364; baseline 0.001 -19"><span class='ocrx_word' id='word_1_291' title='bbox 296 4285 650 4362; x_wconf 82' lang='lat' dir='ltr'><strong>suscepisti,</strong></span> <span class='ocrx_word' id='word_1_292' title='bbox 710 4283 774 4343; x_wconf 92' lang='lat' dir='ltr'><strong>in</strong></span> <span class='ocrx_word' id='word_1_293' title='bbox 849 4294 1171 4362; x_wconf 89' lang='lat' dir='ltr'><strong>posterum</strong></span> <span class='ocrx_word' id='word_1_294' title='bbox 1241 4285 1444 4362; x_wconf 91' lang='lat' dir='ltr'><strong>possis</strong></span> <span class='ocrx_word' id='word_1_295' title='bbox 1509 4284 1756 4358; x_wconf 89' lang='lat' dir='ltr'><strong>habere,</strong></span> <span class='ocrx_word' id='word_1_296' title='bbox 1809 4287 1922 4346; x_wconf 84' lang='lat' dir='ltr'><strong>tibi</strong></span> <span class='ocrx_word' id='word_1_297' title='bbox 1969 4287 2351 4346; x_wconf 84' lang='lat' dir='ltr'><strong>auctoritate</strong></span> <span class='ocrx_word' id='word_1_298' title='bbox 2402 4288 2765 4364; x_wconf 87' lang='lat' dir='ltr'><strong>Apostolica</strong></span> 
     </span>
     <span class='ocr_line' id='line_1_37' title="bbox 296 4389 2770 4470; baseline 0.001 -20"><span class='ocrx_word' id='word_1_299' title='bbox 296 4390 731 4468; x_wconf 83' lang='lat' dir='ltr'><strong>indulgemus3</strong></span> <span class='ocrx_word' id='word_1_300' title='bbox 784 4409 910 4449; x_wconf 91' lang='lat' dir='ltr'><strong>non</strong></span> <span class='ocrx_word' id='word_1_301' title='bbox 953 4389 1245 4449; x_wconf 84' lang='lat' dir='ltr'><strong>obstante</strong></span> <span class='ocrx_word' id='word_1_302' title='bbox 1292 4390 1751 4468; x_wconf 86' lang='lat' dir='ltr'><strong>irregularitate</strong></span> <span class='ocrx_word' id='word_1_303' title='bbox 1794 4411 1981 4470; x_wconf 89' lang='lat' dir='ltr'><strong>quam</strong></span> <span class='ocrx_word' id='word_1_304' title='bbox 2034 4391 2368 4462; x_wconf 88' lang='lat' dir='ltr'><strong>incurristi,</strong></span> <span class='ocrx_word' id='word_1_305' title='bbox 2415 4393 2480 4450; x_wconf 90' lang='lat' dir='ltr'><strong>in</strong></span> <span class='ocrx_word' id='word_1_306' title='bbox 2534 4392 2770 4454; x_wconf 89' lang='lat' dir='ltr'><strong>Ordine</strong></span> 
     </span>
     <span class='ocr_line' id='line_1_38' title="bbox 298 4494 2774 4577; baseline 0.001 -21"><span class='ocrx_word' id='word_1_307' title='bbox 298 4497 389 4556; x_wconf 89' lang='lat' dir='ltr'><strong>sic</strong></span> <span class='ocrx_word' id='word_1_308' title='bbox 444 4505 757 4574; x_wconf 89' lang='lat' dir='ltr'><strong>suscepto,</strong></span> <span class='ocrx_word' id='word_1_309' title='bbox 810 4494 1010 4554; x_wconf 87' lang='lat' dir='ltr'><strong>eciam</strong></span> <span class='ocrx_word' id='word_1_310' title='bbox 1070 4515 1107 4554; x_wconf 93' lang='lat' dir='ltr'><strong>a</strong></span> <span class='ocrx_word' id='word_1_311' title='bbox 1162 4494 1341 4554; x_wconf 91' lang='lat' dir='ltr'><strong>nobis</strong></span> <span class='ocrx_word' id='word_1_312' title='bbox 1400 4495 1726 4568; x_wconf 88' lang='lat' dir='ltr'><strong>inhibitus,</strong></span> <span class='ocrx_word' id='word_1_313' title='bbox 1775 4507 2008 4556; x_wconf 89' lang='lat' dir='ltr'><strong>temere</strong></span> <span class='ocrx_word' id='word_1_314' title='bbox 2067 4497 2460 4557; x_wconf 85' lang='lat' dir='ltr'><strong>celebrande.</strong></span> <span class='ocrx_word' id='word_1_315' title='bbox 2569 4498 2774 4577; x_wconf 88' lang='lat' dir='ltr'><strong>Super</strong></span> 
     </span>
     <span class='ocr_line' id='line_1_39' title="bbox 302 4603 2768 4683; baseline 0.001 -20"><span class='ocrx_word' id='word_1_316' title='bbox 302 4623 429 4683; x_wconf 88' lang='lat' dir='ltr'><strong>qua</strong></span> <span class='ocrx_word' id='word_1_317' title='bbox 490 4617 699 4663; x_wconf 90' lang='lat' dir='ltr'><strong>tecum</strong></span> <span class='ocrx_word' id='word_1_318' title='bbox 748 4603 1188 4681; x_wconf 87' lang='lat' dir='ltr'><strong>dispensamus</strong></span> <span class='ocrx_word' id='word_1_319' title='bbox 1240 4603 1619 4663; x_wconf 85' lang='lat' dir='ltr'><strong>auctoritate</strong></span> <span class='ocrx_word' id='word_1_320' title='bbox 1674 4605 1852 4664; x_wconf 84' lang='lat' dir='ltr'><strong>Sedis</strong></span> <span class='ocrx_word' id='word_1_321' title='bbox 1903 4604 2206 4682; x_wconf 87' lang='lat' dir='ltr'><strong>ejusdem.</strong></span> <span class='ocrx_word' id='word_1_322' title='bbox 2311 4605 2551 4664; x_wconf 84' lang='lat' dir='ltr'><strong>Datum</strong></span> <span class='ocrx_word' id='word_1_323' title='bbox 2601 4605 2768 4665; x_wconf 88' lang='lat' dir='ltr'><strong>Lon-</strong></span> 
     </span>
     <span class='ocr_line' id='line_1_40' title="bbox 300 4708 2651 4788; baseline 0.001 -19"><span class='ocrx_word' id='word_1_324' title='bbox 300 4709 525 4782; x_wconf 91' lang='lat' dir='ltr'><strong>doniis,</strong></span> <span class='ocrx_word' id='word_1_325' title='bbox 573 4710 679 4788; x_wconf 74' lang='lat' dir='ltr'><strong>xiij</strong></span> <span class='ocrx_word' id='word_1_326' title='bbox 727 4708 1045 4770; x_wconf 84' lang='lat' dir='ltr'><strong>Kalendas</strong></span> <span class='ocrx_word' id='word_1_327' title='bbox 1090 4709 1429 4781; x_wconf 87' lang='lat' dir='ltr'><strong>Februarii,</strong></span> <span class='ocrx_word' id='word_1_328' title='bbox 1476 4729 1643 4769; x_wconf 89' lang='lat' dir='ltr'><strong>anno</strong></span> <span class='ocrx_word' id='word_1_329' title='bbox 1688 4710 1943 4769; x_wconf 89' lang='lat' dir='ltr'><strong>Domini</strong></span> <span class='ocrx_word' id='word_1_330' title='bbox 1993 4709 2425 4770; x_wconf 83' lang='lat' dir='ltr'><strong>M⁰OO⁰LXX⁰</strong></span> <span class='ocrx_word' id='word_1_331' title='bbox 2467 4730 2651 4772; x_wconf 87' lang='lat' dir='ltr'><strong>none.</strong></span> 
     </span>
    </p>
   </div>
  </div>
 </body>
</html>
