3459 5617
1207 478 1508 559 Episcopi
1559 478 1633 538 H
1629 478 2043 559 erefordcnsia
2780 478 2853 536 11

395 722 710 783 rogamus,
768 722 1100 765 monemus
1157 702 1490 776 attencius,
1549 708 1612 763 et
1667 702 1732 761 in
1790 669 2065 762 Domino
2108 701 2513 762 exhortamur
2553 703 2856 781 quatinus

393 817 602 871 vestre
658 809 1048 869 consciencie
1103 807 1439 869 salubriter
1493 806 1914 879 consulentes,
1962 807 2141 868 villas
2183 807 2500 886 predictas
2540 806 2733 868 cicius
2788 815 2855 868 et

396 913 632 995 absque
689 914 1078 977 difficultatis
1139 913 1465 975 obstaculo
1523 913 1877 974 restituatis
1948 913 2264 993 Episcopo
2332 920 2703 985 memorato,
2774 914 2857 974 ad

397 1037 606 1098 quem,
655 1022 904 1081 racione
949 1038 1061 1080 sue
1106 1019 1391 1080 Ecclesie
1441 1018 1737 1079 dicuntur
1778 1018 2093 1098 pertinere
2139 1018 2217 1079 de
2264 1018 2421 1097 jure.
2537 1019 2859 1081 Noveritis

396 1132 630 1199 autem,
703 1127 872 1207 quod
942 1128 1021 1187 de
1076 1126 1402 1187 voluntate
1456 1131 1520 1186 et
1575 1124 1969 1203 beneplacito
2023 1124 2185 1185 bone
2243 1124 2541 1187 memorie
2599 1124 2857 1187 Domini

395 1230 746 1315 H[enrici],
789 1232 975 1311 Regis
1020 1232 1257 1311 Anglie,
1301 1236 1364 1292 et
1403 1230 1684 1291 omnium
1725 1230 2125 1309 Optimatum
2164 1230 2382 1309 ipsius,
2428 1230 2510 1291 ab
2550 1230 2859 1292 universis

395 1338 668 1398 Prelatis
710 1337 1210 1417 Archiepiscopis
1256 1345 1320 1397 et
1363 1336 1695 1416 Episcopis
1736 1336 1911 1414 regni
1952 1334 2256 1413 ejusdem,
2301 1336 2436 1396 lata
2477 1341 2572 1397 est
2615 1335 2858 1396 dudum

397 1444 723 1505 sentencia
758 1444 1159 1523 postmodum
1200 1462 1311 1522 per
1353 1441 1579 1503 Sedem
1615 1442 2042 1521 Apostolicam
2085 1442 2479 1515 confirmata,
2526 1429 2601 1513 id
2635 1462 2855 1504 omnes

397 1556 460 1610 et
491 1550 770 1628 singulos
799 1550 906 1629 qui
935 1549 1254 1610 maliciose
1298 1548 1568 1609 scienter
1608 1546 1935 1608 Ecclesiae
1964 1547 2115 1607 dicti
2144 1548 2317 1626 regni
2345 1547 2727 1627 privaverint
2756 1548 2856 1609 vel

399 1656 804 1734 spoliaverint
849 1675 963 1716 suo
1004 1656 1141 1734 jure
1187 1655 1560 1733 cujusmodi.
1649 1653 2051 1715 Sentenciam
2094 1654 2402 1715 bullatam
2444 1654 2751 1714 habemus
2794 1659 2858 1714 et

395 1781 535 1821 eam
566 1762 740 1822 vobis
768 1762 865 1822 vel
898 1762 1126 1822 vestris
1155 1761 1485 1821 ostendere
1505 1760 1855 1839 poterimus
1874 1767 2155 1839 tempore
2177 1768 2505 1840 oportuno.
2593 1759 2860 1837 Propter

394 1867 561 1947 quod
584 1868 832 1945 expedit
855 1874 918 1927 et
939 1867 1329 1927 consulimus
1349 1873 1421 1926 ut
1444 1866 1620 1927 vobis
1643 1864 1921 1926 sollicius
1944 1866 2221 1927 caveatis
2242 1886 2341 1939 ne,
2364 1886 2477 1945 per
2494 1866 2855 1927 ulteriorem

395 1972 832 2033 detencionem
873 1972 1299 2051 predictarum
1342 1972 1632 2033 villarum
1683 1991 1795 2032 seu
1837 1991 2374 2053 quarumcumque
2418 1972 2857 2033 Ecclesiastic-

396 2099 573 2140 arum
642 2079 1111 2158 possessionum
1187 2098 1299 2157 per
1374 2097 1488 2139 vos
1568 2077 1847 2138 indebite
1926 2077 2345 2148 detentarum,
2413 2077 2477 2138 in
2547 2078 2855 2157 prefatam

395 2188 783 2247 sentenciam
853 2186 1147 2246 incidatis
1168 2205 1183 2258 ;
1255 2186 1320 2245 in
1370 2204 1558 2265 quarn
1615 2185 1669 2246 si
1730 2195 1987 2263 propter
2054 2184 2360 2261 premissa
2427 2183 2693 2245 forsitan
2763 2183 2857 2243 in-

394 2292 693 2364 cideritis,
751 2292 1043 2353 Judicem
1102 2293 1308 2352 Deum
1366 2290 1634 2351 habetis.
1750 2288 2112 2351 Advertatis
2168 2290 2368 2350 eciam
2425 2289 2595 2369 quod
2638 2291 2857 2350 Eccle-

395 2398 793 2460 siasticorum
837 2396 1144 2457 bonorum
1187 2395 1486 2475 spoliacio
1528 2414 1655 2455 non
1698 2394 1899 2455 solum
1945 2394 2298 2474 periculosa
2338 2400 2402 2455 et
2436 2394 2857 2475 dampnabilis

393 2488 732 2580 judicatur,
765 2509 861 2563 set
883 2500 1342 2582 dampnabilior
1362 2501 1640 2581 ipsorum
1665 2500 1955 2561 detencio
1986 2508 2049 2560 et
2069 2501 2356 2579 pertinax
2380 2502 2857 2580 perseverancia

103 2650 210 2691 μοι·
239 2652 280 2690 5·
397 2608 463 2668 in
520 2608 780 2668 delecto.
867 2607 986 2679 Ne,
1043 2606 1252 2686 igitur,
1305 2606 1512 2666 Mater
1567 2604 1856 2665 Ecclesia
1911 2604 1975 2664 in
2017 2624 2129 2665 vos
2174 2616 2479 2686 tanquam
2535 2594 2621 2665 in⁴
2656 2607 2857 2666 filium

395 2714 787 2793 degenerem,
825 2713 1112 2774 ultricem
1152 2732 1410 2773 manum
1457 2710 1780 2782 extendat,
1823 2711 2109 2771 celeriter
2151 2711 2504 2773 restituatis
2539 2712 2755 2774 ablata
2790 2718 2855 2773 et

393 2820 632 2899 injuste
663 2820 940 2890 detenta,
972 2820 1174 2898 ipsam
1204 2818 1493 2878 decetero
1520 2817 1587 2876 in
1629 2816 1874 2895 juribus
1917 2821 1980 2876 et
2009 2817 2529 2896 possessionibus,
2572 2818 2737 2879 sicut
2766 2817 2861 2878 vir

396 2924 778 2996 Catholicus,
836 2943 949 3002 pro
1002 2942 1188 3002 posse
1244 2929 1456 2984 vestro
1510 2926 1959 2983 conservantes
2013 2922 2279 2985 illesam.
2367 2924 2655 3004 Denique
2713 2944 2858 2984 con-

395 3030 665 3091 similem
695 3029 1112 3089 monicionem
1141 3034 1204 3089 et
1229 3029 1737 3089 exhortacionem
1759 3026 1937 3088 vobis
1960 3027 2227 3088 facimus
2257 3048 2368 3107 pro
2397 3030 2616 3091 Fratre
2639 3038 2857 3090 nostro

393 3136 726 3197 karissimo
768 3135 1085 3214 Episcopo
1117 3134 1471 3195 Assavensi.
1556 3132 1858 3194 Valeatis.
1947 3133 2188 3193 Datum
2217 3134 2387 3214 apud
2417 3134 2719 3196 Maufeud
2751 3136 2853 3213 xvj

399 3240 724 3302 Kalendas
767 3239 1078 3311 Octobris,
1125 3258 1293 3299 anno
1337 3239 1594 3299 Domini
1639 3237 2102 3301 M⁰CC⁰LXX⁰
2143 3241 2385 3320 quinto.

401 3477 564 3556 Sept.
595 3474 1142 3553 12.—Indulqcncc
1170 3474 1240 3553 os
1276 3481 1494 3551 twenty
1522 3474 1675 3551 days
1713 3475 1969 3552 qra‘ntcd
2000 3482 2057 3535 to
2086 3474 2177 3534 all
2203 3474 2353 3546 who,
2386 3474 2558 3553 bcinq
2578 3475 2857 3554 peniteat

639 3557 765 3617 and
793 3556 1113 3635 confessecl,
1138 3575 1298 3633 pray
1336 3563 1403 3614 at
1445 3555 2213 3632 Bouqhton-undcr-Blcan
2228 3556 2337 3635 sor
2367 3556 2463 3615 the
2492 3557 2627 3616 soul
2654 3557 2723 3635 os
2761 3556 2857 3617 the

643 3638 761 3698 late
790 3638 1026 3707 Rector,
1057 3636 1338 3696 Richard
1367 3636 1440 3695 dc
1473 3636 1815 3714 Maepham.

562 3767 1436 3831 Innumenc1i.-omnibus
1499 3767 1734 3828 Christi
1804 3768 2094 3828 fidelibus
2160 3768 2239 3829 ad
2308 3788 2466 3848 quos
2534 3774 2861 3848 presentes

399 3879 608 3939 littere
645 3874 1062 3957 pervenerint,
1108 3874 1404 3945 Thomas,
1450 3882 1594 3945 etc..
1640 3873 1927 3946 salutem,
1981 3880 2103 3935 etc.
2190 3875 2347 3936 Cum
2394 3876 2479 3935 sit
2522 3882 2743 3935 sancta
2785 3893 2862 3936 ac

401 3984 670 4045 salubris
692 3983 992 4061 cogitacio
1012 4000 1229 4060 preces
1257 3980 1520 4041 fundare
1550 3999 1663 4058 pro
1685 3979 1997 4041 defunctis
2026 3988 2099 4040 ut
2118 4000 2155 4041 a
2177 3988 2581 4060 peccatorum
2602 4000 2861 4042 suorum

400 4090 668 4152 nexibus
711 4095 1072 4149 mereantur
1121 4087 1381 4159 absolvi,
1427 4106 1560 4159 nos,
1605 4086 1684 4146 de
1729 4086 2201 4164 Omnipotentis
2246 4088 2367 4148 Dei
2412 4086 2859 4159 misericordia,

401 4198 667 4277 gloriose
727 4194 1002 4273 Virginis
1059 4193 1260 4254 Marie
1302 4192 1620 4272 genitricis
1661 4192 1819 4271 ejus,
1866 4192 2048 4252 Beati
2108 4193 2499 4253 Etheleberti
2555 4193 2862 4265 Martiris,

402 4310 468 4366 et
536 4302 815 4364 omnium
889 4302 1263 4363 Sanctorum
1332 4299 1574 4361 meritis
1643 4300 2050 4373 confidentes,
2116 4299 2406 4360 omnibus
2463 4301 2862 4380 parochianis

402 4410 658 4480 nostris,
702 4413 765 4469 et
808 4408 950 4470 aliis
986 4426 1253 4488 quorum
1283 4405 1617 4466 Diocesani
1647 4406 1811 4467 hanc
1838 4414 2119 4467 nostram
2153 4406 2626 4486 Indulgenciam
2656 4416 2862 4468 ratam

403 4515 758 4587 habuerint,
808 4533 955 4575 vere
1002 4512 1454 4593 penitentibus,
1503 4512 1812 4581 contritis,
1864 4518 1927 4571 et
1983 4512 2305 4583 confessis,
2368 4513 2475 4592 qui
2532 4513 2861 4574 ecclesiam

405 4622 592 4683 Beati
635 4621 809 4680 Petri
851 4620 929 4680 de
972 4620 1261 4680 Boctona
1306 4617 1771 4697 Archiepiscopi
1812 4620 2204 4679 visitaverint
2248 4624 2313 4679 et
2356 4638 2469 4697 pro
2510 4619 2721 4679 anima
2764 4620 2866 4699 pie

405 4728 702 4788 memorie
745 4726 995 4787 Ricardi
1029 4725 1106 4787 de
1138 4724 1525 4803 Mapaham,¹
1564 4725 1880 4805 quondam
1926 4725 2211 4787 Rectoris
2252 4725 2533 4803 ejusdem
2578 4726 2861 4801 ecclesie,

553 4862 927 4904 l—Archdeacon
945 4860 996 4903 of
1021 4860 1199 4903 oxford
1229 4861 1321 4902 and
1351 4862 1482 4903 Dean
1500 4860 1551 4903 of
1578 4862 1783 4907 Lincoln.
1812 4868 1919 4903 sent
1948 4862 1994 4903 in
2026 4864 2122 4903 1263
2146 4862 2263 4903 with
2294 4861 2456 4903 Simon
2483 4860 2539 4902 de
2569 4861 2801 4904 Montfort
2819 4863 2867 4903 in
2995 4882 3011 4916 η

399 4914 484 4955 the
503 4924 640 4954 name
659 4912 709 4954 of
726 4914 808 4955 the
829 4914 1013 4954 Bai-ons
1031 4920 1082 4954 to
1100 4914 1182 4953 the
1203 4912 1495 4953 Parliament
1512 4910 1562 4953 of
1583 4910 2039 4987 Fran'cejGervase
2057 4914 2194 4954 cont.
2217 4914 2275 4952 11.
2294 4914 2383 4957 22⁴.
2406 4908 2565 4956 Rolls).
2938 4932 2959 4998 ,ἰ

1593 4980 1732 5011 &z

3042 4944 3182 4979 ,ινν
3207 4928 3231 4949 a
