3459 5617
1185 505 1484 586 Episcopi
1539 507 2021 586 Herefordensis.
2711 511 2829 569 201

356 730 623 790 occasio
683 730 1098 810 delinquendi.
1201 732 1554 810 Eapropter
1607 731 1672 790 in
1724 731 1999 793 Cenobio
2041 737 2249 793 vestro
2292 739 2461 794 certa
2507 739 2655 794 sunt
2696 733 2837 794 loca

353 853 484 912 que
533 855 650 895 vos
693 835 861 896 exire
902 856 1030 896 non
1079 837 1406 906 convenit;
1469 843 1540 897 ut
1589 837 1847 916 possitis
1890 837 2164 898 Domino
2205 839 2409 899 cordis
2452 844 2515 900 et
2557 839 2835 918 corporis

351 939 808 1002 innocenciam
861 963 1246 1006 conservare.
1358 944 1629 1005 Introire
1684 944 1925 1005 debetis
1980 945 2354 1017 oratorium;
2410 947 2475 1005 in
2526 967 2649 1026 quo
2691 967 2830 1027 pro-

347 1046 636 1108 videatis
705 1047 881 1109 vobis
947 1049 1288 1128 prudenter
1361 1049 1596 1108 orando
1673 1069 1772 1120 ne,
1844 1049 1909 1108 in
1988 1050 2475 1128 temptacionem
2558 1051 2831 1130 aliquam

349 1153 740 1224 incidentes,
795 1154 1207 1234 prolabamini
1265 1155 1329 1214 in
1388 1155 1705 1216 delictum.
1818 1155 2145 1216 Accedatis
2208 1156 2287 1215 ad
2344 1156 2707 1235 capitulum,
2764 1158 2831 1217 in

349 1279 486 1340 quo
547 1261 723 1340 juste
782 1259 1060 1339 puniatis
1121 1259 1434 1321 cotidiana
1496 1260 1849 1320 commissa.
1961 1260 2223 1321 Intretis
2278 1260 2711 1322 dormitorium
2765 1267 2833 1323 et

345 1365 768 1426 refectorium
831 1366 1002 1426 horis
1064 1365 1246 1444 aptiS,
1309 1365 1374 1424 in
1438 1364 1664 1444 quibus
1726 1384 1953 1443 corpus
2008 1365 2087 1425 ad
2142 1367 2692 1438 sustentacionem,
2748 1389 2832 1429 ne

349 1471 640 1542 deficiat,
698 1471 1022 1542 recreetis;
1086 1472 1510 1551 temperancia
1564 1477 1779 1532 tamen
1835 1491 2082 1550 semper
2137 1473 2409 1543 assistat,
2468 1493 2548 1534 ne
2603 1495 2678 1535 ex
2734 1496 2827 1536 re-

345 1578 668 1639 feccionis
730 1577 1159 1656 superfluitate
1229 1597 1371 1637 caro
1443 1576 1809 1648 recalcitret,
1873 1583 1937 1639 et
2007 1598 2143 1638 eam
2215 1579 2461 1640 deserat
2528 1581 2831 1643 fortitudo

345 1686 417 1746 in
465 1685 1004 1764 temptacionibus
1045 1685 1194 1744 dum
1238 1683 1520 1764 quiescit.
1626 1684 1723 1743 Ad
1763 1683 2169 1744 infirmariam
2203 1705 2350 1747 vero
2392 1686 2494 1747 ille
2536 1708 2611 1748 ex
2653 1688 2831 1749 vobis

344 1812 634 1872 quarum
691 1791 979 1852 debilitas
1033 1790 1133 1851 vel
1189 1789 1521 1850 infirmitas
1577 1790 1641 1848 id
1702 1790 1999 1868 exposcit,
2064 1791 2409 1850 secundum
2479 1793 2829 1854 doctrinam

345 1897 674 1976 Apostoli,
733 1917 846 1976 pro
903 1897 1132 1958 solacio
1187 1902 1252 1956 et
1307 1895 1691 1956 infirmitatis
1754 1896 2028 1956 remedio
2086 1897 2446 1976 optinendis
2510 1901 2826 1961 accedant.

347 2005 688 2066 Maneatis
729 2005 953 2064 ceteris
989 2003 1160 2064 horis
1198 2004 1264 2062 in
1301 2002 1606 2072 claustro;
1651 2002 1717 2061 in
1760 2022 1901 2081 qu0‚
1945 2009 2018 2063 ut
2058 2003 2462 2081 premittitur,
2501 2025 2833 2084 corporeos

347 2130 596 2172 sensus
637 2116 880 2171 vestros
929 2109 1251 2180 claudatis,
1300 2108 1721 2187 intelligentes
1770 2109 1935 2169 inter
1989 2128 2101 2169 vos
2157 2115 2222 2169 et
2276 2109 2581 2169 mundum
2638 2112 2829 2173 chaos

345 2235 670 2296 magnum
725 2235 863 2276 esse
917 2215 1270 2284 firmatum;
1341 2214 1667 2285 solumque
1724 2215 1933 2274 Deum
2003 2214 2234 2275 mentis
2297 2215 2495 2277 oculis
2551 2223 2828 2277 contem·

345 2323 637 2402 planteS‚
682 2321 915 2400 aliquid
970 2321 1046 2382 de
1103 2325 1316 2380 eterne
1363 2320 1492 2380 vite
1547 2319 1875 2380 dulcedine
1922 2301 2319 2399 pregustetis.
2420 2321 2508 2381 Et
2547 2323 2830 2401 predicta

341 2429 498 2490 loca
555 2428 844 2507 personis
899 2426 1298 2496 secularibus,
1349 2431 1414 2486 et
1459 2425 1765 2505 religiosis
1814 2425 2310 2506 quibuscumque
2358 2426 2497 2487 aliis
2546 2448 2583 2487 a
2630 2429 2825 2501 vobis,

341 2555 562 2595 vacua
607 2533 836 2594 debent
878 2553 1032 2604 esse,
1077 2553 1157 2593 ne
1199 2553 1272 2593 ex
1316 2531 1627 2611 frequenti
1669 2533 2168 2602 conversacione,
2211 2532 2310 2592 vel
2352 2532 2577 2593 saltem
2620 2534 2829 2614 aliqua

343 2646 741 2709 exterorum,
786 2638 962 2718 quies
1002 2643 1211 2698 vestra
1251 2637 1350 2698 vel
1399 2636 1854 2716 contemplacio
1908 2637 2339 2715 perturbetur;
2397 2637 2591 2699 immo
2638 2639 2827 2719 (quod

341 2747 642 2808 deterius
697 2747 816 2826 est)
877 2765 1018 2805 cum
1076 2743 1311 2804 bonum
1365 2748 1428 2804 et
1485 2743 1721 2802 malum
1778 2743 1906 2803 sint
1962 2743 2325 2804 immediata
2379 2745 2708 2816 contraria,
2751 2765 2829 2806 ex

341 2873 482 2934 quo
556 2852 890 2913 abstinetis
958 2872 996 2911 a
1065 2851 1246 2921 bon0,
1311 2851 1693 2929 cogitacione
1756 2850 1922 2910 facili
1990 2851 2375 2912 vanitatibus
2444 2853 2827 2915 secularibus

341 2959 642 3020 inhiatis.
728 2959 824 3017 Ad
865 2957 1032 3018 dicta
1073 2963 1286 3017 tamen
1327 2956 1464 3017 loca
1506 2962 1849 3017 memorate
1889 2976 2154 3035 persone
2202 2977 2280 3018 ex
2320 2959 2671 3019 necessaria
2712 2980 2825 3020 seu

337 3067 530 3147 justa
573 3084 780 3135 causa,
823 3084 952 3124 non
988 3063 1362 3142 frequenter,
1402 3063 1718 3134 accedant,
1764 3069 1860 3122 set
1899 3083 2039 3122 raro
2081 3068 2153 3123 ut
2195 3063 2372 3124 vobis
2402 3065 2502 3125 vel
2542 3071 2822 3127 vestrum

339 3172 548 3232 alicui
601 3171 1004 3249 eloquantur;
1047 3175 1112 3231 et
1152 3175 1305 3230 tunc
1347 3169 1518 3229 nulla
1559 3175 1857 3239 vestrum,
1902 3169 2023 3230 nisi
2066 3170 2405 3230 confitendi
2447 3191 2653 3243 causa,
2690 3173 2826 3233 sola

337 3277 696 3339 conveniat
743 3275 822 3335 ad
875 3275 1274 3354 loquendum,
1319 3281 1416 3336 set
1470 3295 1614 3335 cum
1663 3275 1834 3336 socia
1875 3275 2131 3354 probate
2174 3276 2489 3355 religionis
2531 3283 2597 3338 et
2636 3279 2821 3352 fame,

339 3403 476 3462 que
537 3381 821 3441 omnium
877 3399 1092 3440 eorum
1147 3400 1268 3459 que
1323 3380 1475 3440 inibi
1532 3381 1825 3440 dicuntur
1873 3386 1936 3441 et
1993 3380 2153 3440 fiunt
2194 3382 2397 3443 valeat
2438 3403 2577 3444 esse
2620 3385 2820 3446 testis.

339 3489 447 3548 Ad
497 3487 782 3548 officinas
823 3492 1034 3546 autem
1077 3486 1179 3547 ille
1222 3507 1298 3546 ex
1337 3486 1514 3548 vobis
1556 3486 1782 3565 quibus
1824 3507 1897 3547 ex
1941 3487 2159 3548 officiis
2202 3488 2387 3549 certis
2423 3488 2485 3548 id
2518 3491 2823 3569 competit

335 3597 630 3672 possunt
663 3591 973 3661 accedere,
1003 3610 1146 3650 cum
1189 3590 1352 3651 bona
1393 3596 1556 3652 teste
1596 3597 1667 3651 ut
1708 3592 2112 3670 premittitur,
2141 3598 2207 3653 et
2248 3613 2374 3654 non
2418 3594 2564 3656 sole.
2650 3597 2823 3658 Loca

339 3720 507 3761 vero
559 3704 768 3759 cetera
809 3718 846 3757 a
885 3695 1210 3776 premissis
1251 3696 1427 3756 vobis
1467 3697 1773 3776 reputetis
1813 3697 2066 3775 penitus
2109 3698 2457 3770 interdicta,
2487 3699 2609 3760 nisi
2652 3702 2820 3781 quod

338 3807 522 3867 infra
566 3809 746 3883 septa
786 3803 978 3864 vestri
1027 3801 1285 3863 Genobii
1333 3802 1803 3881 processionum
1845 3802 2215 3882 sollempnia
2257 3804 2482 3865 debitis
2523 3807 2817 3884 tempori-

339 3914 473 3974 bus
521 3910 800 3980 faciatis;
844 3914 908 3970 et
949 3909 1174 3969 amodo
1207 3907 1620 3987 processionis
1656 3927 1844 3968 causa
1876 3907 1976 3967 vel
2010 3907 2131 3967 alia
2156 3913 2437 3968 vestrum
2470 3909 2817 3971 Cenobium

337 4019 721 4079 nullatenus
761 4015 1018 4085 exeatis,
1047 4015 1171 4075 nisi
1213 4014 1467 4076 evidens
1509 4013 1851 4074 necessitas
1892 4018 2003 4073 aut
2042 4013 2284 4074 utilitas
2324 4015 2445 4076 hoc
2485 4017 2819 4079 manifeste

339 4125 656 4193 suadeam
715 4127 778 4181 et
822 4127 974 4182 tunc
1023 4140 1144 4199 que
1186 4120 1312 4180 exit
1361 4125 1539 4181 exeat
1581 4139 1722 4180 cum
1770 4119 2119 4199 Superioris
2159 4119 2436 4192 licencia,
2480 4127 2545 4182 et
2586 4121 2815 4183 bonam

337 4231 588 4291 habeat
630 4228 926 4288 comitem
967 4232 1193 4287 testem
1245 4245 1476 4286 secum.
1579 4225 1743 4286 Sane
1785 4225 1957 4286 zelus
1998 4225 2159 4286 bone
2199 4226 2515 4305 religionis
2555 4233 2620 4289 et
2662 4229 2814 4288 cari·

339 4337 508 4398 tatis
559 4335 790 4404 unitas,
834 4353 992 4412 quos
1041 4333 1107 4391 in
1155 4337 1370 4392 nostra
1411 4330 1795 4392 Visitacione
1843 4331 2010 4410 apud
2050 4350 2162 4392 vos
2204 4331 2411 4410 vigere
2450 4333 2815 4412 reperimus,

335 4443 664 4506 letificant
712 4459 828 4500 nos
871 4439 938 4497 in
989 4437 1277 4508 Christo;
1335 4436 1734 4497 obsecrantes
1783 4437 1989 4514 ipsum
2037 4457 2151 4516 pro
2192 4436 2368 4497 vobis
2409 4439 2707 4517 quatinus
2749 4440 2815 4499 in

336 4548 693 4613 vocacione
754 4565 876 4626 qua
939 4544 1094 4606 estis
1148 4549 1366 4604 vocate
1426 4542 1610 4621 digne
1670 4562 1880 4602 coram
1935 4542 2209 4602 Domino
2268 4541 2619 4614 ambuletis,
2670 4565 2815 4604 cum

338 4656 529 4719 omni
603 4651 976 4722 humilitate,
1046 4649 1380 4730 paciencia,
1446 4648 1943 4718 mansuetudine,
2006 4647 2408 4726 benignitate,
2468 4648 2814 4721 modestia;

339 4762 530 4844 pacis
574 4758 844 4828 vinculo,
888 4755 1166 4817 caritatis
1207 4754 1467 4824 unitate,
1518 4759 1582 4814 et
1638 4773 1750 4832 spe
1797 4752 2231 4814 retribucionis
2273 4752 2621 4815 voluntarie
2661 4775 2812 4834 pau·

339 4865 623 4949 pertatis
669 4863 936 4923 invicem
985 4865 1446 4940 supportantes,
1490 4865 1554 4920 et
1603 4859 1807 4919 carnis
1849 4878 2054 4937 opera,
2104 4879 2225 4938 que
2267 4863 2417 4919 sunt
2458 4857 2813 4933 fornicacio,
