3459 5617
69 1552 178 1593 Fcl.
205 1555 271 1594 3⁵.

1190 479 1490 560 Episcopi
1545 480 2029 560 Herefordensis.
2726 487 2843 546 115

377 702 585 763 velitis
627 704 964 765 devocione
1006 704 1280 785 quadam
1321 704 1518 777 filiali,
1549 708 1877 789 presertjm
1920 706 1987 765 in
2030 705 2151 766 hiis
2193 726 2315 787 que
2356 708 2513 767 nulli
2555 716 2839 769 nostrum

379 815 682 887 generant
751 808 1184 889 prejudicium,
1256 818 1352 871 set
1423 811 1504 871 ad
1575 812 1694 871 Dei
1765 811 2014 871 laudem
2087 813 2404 890 pertinent
2474 813 2708 892 pariter
2778 820 2843 875 et

381 914 702 976 honorem.
837 916 1250 996 Quapropter,
1320 936 1462 977 cum
1533 918 1597 977 in
1657 918 1972 978 decanatu
2036 918 2319 977 Ecclesia
2370 924 2580 979 nostre
2640 920 2841 981 multa

379 1020 630 1093 fuerint,
689 1030 876 1101 prout
931 1021 1157 1083 melius
1213 1023 1433 1094 nostis,
1479 1023 1560 1083 ad
1615 1042 1737 1103 que
1793 1024 1870 1084 de
1926 1023 2186 1084 consilio
2243 1024 2557 1085 seniorum
2615 1045 2843 1086 manus

378 1124 696 1205 'apponere
733 1127 1011 1207 cogimur
1047 1126 1250 1199 inviti,
1292 1128 1556 1189 dilectos
1597 1128 1778 1189 nobis
1820 1129 1887 1187 in
1930 1128 2183 1190 Christo
2225 1130 2556 1207 magistros
2599 1130 2840 1191 Lucam

382 1232 462 1294 de
495 1233 658 1293 Bree
687 1238 750 1293 et
779 1233 819 1294 J
823 1234 1138 1294 ohannem
1167 1233 1245 1294 de
1273 1234 1653 1304 Bradeham,
1685 1218 1946 1295 clericos
1987 1244 2259 1307 nostros,
2301 1236 2477 1296 vobis
2520 1238 2840 1298 transmit-

377 1338 571 1398 timus
593 1360 610 1412 3
682 1338 852 1398 omni
915 1358 1027 1399 vos
1091 1338 1428 1399 affeccione
1489 1358 1614 1419 qua
1681 1358 2018 1417 possumus
2087 1339 2474 1419 requirentes
2542 1342 2841 1421 quatinus

379 1444 541 1516 illos,
573 1445 705 1505 vice
733 1450 952 1507 nostra
983 1446 1306 1525 negocium
1338 1452 1403 1505 et
1431 1464 1658 1506 causas
1687 1445 1928 1525 negocii
1958 1445 2131 1506 vobis
2159 1446 2405 1525 plenius
2433 1454 2837 1526 exponentes,

382 1548 806 1611 favorabiliter
846 1550 1141 1612 exaudire
1178 1551 1385 1612 velitis
1406 1570 1420 1623 ;
1465 1552 1767 1630 magistro
1808 1552 1980 1612 Luce
2018 1553 2441 1613 concanonico
2474 1560 2701 1626 vestr0,
2739 1556 2839 1617 cui

379 1656 551 1717 vices
593 1665 846 1717 nostras
888 1655 1340 1717 committimus
1380 1656 1446 1716 in
1489 1657 1747 1736 negocio
1788 1677 1899 1736 per
1939 1658 2207 1719 eundem
2239 1658 2414 1719 vobis
2448 1662 2836 1739 exponendo,

382 1761 755 1823 assistentes
798 1763 1059 1823 consilio
1106 1768 1168 1823 et
1226 1762 1459 1823 auxilio
1513 1768 1578 1822 et
1632 1762 1865 1833 favore,
1909 1770 1980 1822 ut
2040 1762 2305 1823 invicem
2371 1784 2561 1825 onera
2617 1776 2840 1825 mutuo

377 1875 826 1945 supportantes
881 1888 1119 1929 errores
1181 1872 1244 1928 et
1307 1873 1566 1947 peccata
1621 1868 2023 1940 destruend0,
2082 1869 2279 1948 legem
2338 1870 2459 1930 Dei
2516 1871 2838 1933 valeamus

325 1972 732 2061 ,adimplere
839 1973 1066 2035 Valeat
1128 1980 1309 2034 cetus
1372 1981 1576 2034 vester
1645 1974 2021 2035 reverendus
2090 1992 2336 2053 semper
2402 1974 2469 2034 in
2534 1976 2828 2039 Domino·

380 2079 620 2139 Datum
665 2080 834 2159 apud
877 2079 1194 2153 Foleham‚
1241 2080 1347 2158 xiij
1391 2079 1714 2140 Kalendas
1754 2079 2141 2149 Decembris,
2180 2080 2597 2142 Pontificatus
2640 2083 2840 2142 nostri

369 2205 536 2247 anno
578 2186 872 2247 secund0.

373 2416 527 2475 Nov.
575 2414 973 2475 19.—Notice
1015 2415 1192 2493 qiven
1236 2422 1292 2474 to
1338 2414 1434 2475 the
1475 2416 1671 2493 clerqy
1713 2414 1840 2474 and
1885 2414 2039 2491 laity
2068 2415 2139 2494 of
2174 2414 2272 2475 the
2318 2415 2598 2493 Deanery
2632 2416 2703 2495 of
2738 2416 2837 2476 the

605 2495 1015 2575 jurisdiction
1054 2496 1362 2556 antrusted
1407 2503 1464 2555 to
1505 2495 1679 2555 Luke
1719 2495 1792 2555 de
1834 2497 2005 2555 Bree.

537 2652 674 2711 Pno
745 2652 1106 2713 DacANA'ru
1179 2650 2101 2721 flammantium—Thomas,
2152 2658 2295 2721 etc„
2354 2650 2644 2711 omnibus
2700 2670 2829 2711 rec-

368 2758 630 2829 toribus,
683 2758 950 2828 vicariis,
1011 2757 1373 2836 capellanis,
1435 2774 1498 2817 et
1559 2756 1699 2816 aliis
1764 2757 2031 2816 subditis
2092 2756 2157 2815 in
2220 2756 2531 2816 decanatu
2590 2758 2831 2835 prefate

375 2864 658 2926 Ecclesie
709 2865 1089 2937 constitutis,
1149 2864 1440 2935 salutem,
1501 2870 1620 2924 etc.
1724 2863 1883 2923 Cum
1945 2864 2147 2922 tocius
2206 2863 2491 2921 conditor
2548 2868 2832 2923 creature

373 2971 456 3031 ad
498 2971 616 3031 hoc
657 2970 1040 3049 propiciatus
1083 2970 1424 3029 humanam
1468 2969 1666 3030 voluit
1708 2987 1960 3027 carnem
2004 2985 2345 3038 assumere,
2377 2974 2441 3026 et
2480 2966 2833 3026 divinitatis

370 3095 481 3137 sue
523 3076 733 3155 gracia
774 3074 1150 3135 racionalem
1193 3080 1564 3144 creaturam,
1610 3072 1692 3134 ad
1735 3072 2207 3132 similitudinem
2258 3090 2436 3131 suam
2486 3072 2827 3143 conditam,

368 3182 622 3260 dirupto
663 3200 786 3261 quo
828 3179 1266 3259 captivabatur
1295 3179 1562 3250 vinculo,
1600 3179 1864 3257 prist-ine
1898 3178 2175 3238 libertati
2210 3177 2550 3238 restituens
2592 3198 2630 3238 a
2670 3178 2828 3257 peri-

367 3288 524 3349 culis
568 3288 851 3357 liberare,
898 3286 1232 3346 salubriter
1289 3292 1508 3364 agetur
1556 3286 1610 3346 si
1665 3285 1937 3363 pastoris
1993 3283 2363 3344 incumbens
2420 3284 2638 3345 officiis
2695 3284 2827 3344 ani-

365 3413 611 3454 marum
682 3392 888 3453 obviet
947 3390 1239 3471 periculis
1301 3399 1364 3452 et
1427 3391 1592 3451 circa
1656 3391 1923 3451 salutem
1989 3390 2348 3451 earumdem
2414 3389 2653 3451 laboret
2717 3410 2831 3469 pro

370 3500 608 3562 viribus
651 3508 713 3559 et·
749 3499 1058 3559 intendat.
1147 3498 1316 3557 Hinc
1346 3507 1440 3558 est
1471 3497 1638 3577 quod
1668 3517 1811 3557 cum
1851 3497 2167 3557 notorium
2206 3496 2289 3556 sit
2324 3504 2387 3557 et
2421 3497 2827 3557 manifestum

369 3606 574 3665 multa
615 3614 680 3665 et
723 3604 896 3665 varia
938 3604 1286 3663 animarum
1331 3603 1608 3682 pericula
1648 3603 1816 3662 inter
1856 3602 2137 3662 subditos
2178 3602 2523 3663 decanatus
2564 3603 2831 3681 predicti

366 3710 705 3789 contigisse
744 3717 808 3770 et
855 3708 1082 3769 cotidie
1127 3710 1509 3788 contingere,
1554 3727 1678 3789 quo
1718 3709 2025 3779 dolemus,
2069 3726 2145 3769 eo
2187 3708 2373 3787 quod,
2411 3709 2521 3769 lite
2560 3708 2829 3770 durante

366 3816 531 3877 inter
585 3815 956 3895 magistrum
1011 3815 1306 3894 Egidium
1365 3815 1443 3875 de
1493 3815 1833 3895 Aunebury
1875 3820 1938 3874 et
1981 3814 2305 3874 dominum
2346 3813 2705 3875 Johannem
2748 3814 2827 3875 de

369 3924 552 4002 Aqua
607 3922 849 3983 Blanca
903 3940 1090 3999 super
1144 3920 1280 3999 jure
1335 3920 1959 3999 ipsiusdecanat-us,
2002 3920 2068 3979 in
2112 3920 2545 3999 delinquentes
2588 3940 2822 3981 correc-

365 4028 564 4089 cionis
623 4027 894 4089 officium
955 4026 1212 4086 minime
1271 4034 1631 4099 exercetur3
1693 4026 1998 4097 volentes,
2045 4032 2117 4085 ut
2176 4044 2462 4085 tenemur
2512 4046 2589 4085 ex
2638 4026 2825 4086 officii

365 4135 562 4195 nostri
620 4134 852 4205 debit0,
904 4132 1201 4212 predictis
1265 4132 1560 4211 periculis
1623 4132 1919 4193 adhibere
1980 4130 2325 4191 remedium
2390 4131 2687 4201 salutare,
2745 4132 2825 4193 de

365 4240 627 4301 consilio
682 4239 1086 4318 prudentium
1142 4258 1216 4298 ac
1273 4238 1773 4317 jurisperitorum
1832 4235 2238 4297 correccionis
2293 4234 2565 4295 officium
2620 4236 2821 4307 nobis,

366 4346 503 4406 sine
564 4344 907 4424 prejudicio
977 4344 1340 4404 alterutrius
1408 4343 1795 4422 litigancium
1866 4342 2308 4421 predictorum,
2368 4342 2827 4421 assumpsimus

368 4450 824 4522 exercendum;
875 4450 1056 4529 cujus
1099 4449 1558 4520 execucionem,
1604 4448 1737 4509 vice
1780 4458 1843 4509 et
1886 4448 2263 4509 auctoritate
2311 4454 2545 4519 nostra,
2596 4448 2828 4509 dilecto

367 4559 549 4619 nobis
603 4556 670 4617 in
728 4556 981 4618 Christo
1037 4556 1167 4616 filio
1209 4556 1506 4635 magistro
1549 4556 1785 4633 L[uce]
1845 4554 1921 4614 de
1963 4554 2143 4625 Bree,
2187 4553 2502 4615 Canonico
2543 4554 2825 4615 Ecclesie

371 4664 749 4744 supradicte,
802 4662 1232 4723 commisimus
1277 4662 1686 4723 effectualiter
1733 4660 2183 4741 exequendam.
2295 4660 2602 4735 Quocirca
2649 4660 2825 4722 vobis

367 4770 743 4831 mandamus
827 4776 1043 4830 tenore
1121 4770 1532 4849 presencium,
1605 4769 1720 4830 sub
1804 4786 1968 4847 pena
2042 4767 2455 4829 districcionis
2524 4768 2825 4827 canonice

369 4876 636 4936 firmiter
683 4874 1104 4953 injungentes,
1149 4876 1446 4956 quatinus
1495 4875 1558 4934 in
1609 4874 1730 4934 hiis
1778 4892 1899 4954 que
1952 4872 2362 4933 correccionis
2416 4870 2655 4951 prefate
2710 4880 2823 4932 aut
