3459 5617
1135 503 1435 583 Episcopi
1488 503 1971 584 Herefordensis.
2701 508 2777 568 81

319 724 484 785 infra
524 730 754 786 etatem
800 726 1234 798 existencium,
1279 734 1534 790 centum
1589 730 1819 801 libras;
1880 730 1970 789 ita
2010 736 2080 791 ut
2123 728 2203 790 ab
2246 730 2504 792 Octabis
2552 733 2784 793 Sancte

327 829 656 889 Trinitatis
725 831 1009 908 proximo
1079 841 1340 893 venture
1409 853 1628 894 omnes
1696 842 2039 913 proventus
2107 836 2233 895 sint
2316 836 2433 907 sui,
2506 856 2779 897 unacum

322 936 612 997 omnibus
669 938 934 998 escaetis
990 948 1054 999 et
1111 939 1354 1016 juribus
1402 959 1524 1020 que
1566 940 1648 1001 ad
1690 941 1928 1001 dictum
1976 940 2336 1021 Philippum
2380 943 2480 1003 vel
2524 944 2782 1004 heredes

322 1060 469 1102 suos
538 1042 788 1103 racione
859 1042 1025 1104 dicte
1088 1044 1304 1131 warde.
1358 1053 1619 1125 possent
1680 1046 2011 1126 pertinere.
2118 1048 2206 1108 Et
2269 1048 2347 1109 de
2410 1049 2528 1109 hoc
2591 1049 2781 1110 faciat

323 1154 566 1209 cartam
625 1168 804 1209 suam
859 1169 973 1229 pro
1029 1169 1097 1210 se
1153 1156 1216 1211 et
1272 1150 1605 1213 heredibus
1668 1152 1799 1213 suis
1861 1172 2004 1213 cum
2071 1154 2421 1225 warancia;
2492 1160 2556 1213 et
2612 1156 2781 1233 quod

322 1254 491 1315 istud
536 1262 941 1335 recognoscat
985 1258 1048 1316 in
1094 1256 1284 1318 Curia
1327 1258 1583 1317 Domini
1625 1258 1833 1337 Regis.
1927 1260 2015 1319 Et
2056 1258 2217 1338 petit
2260 1260 2573 1320 Dominus
2616 1260 2783 1339 quod

322 1360 483 1422 istas
541 1360 748 1424 CCCC
808 1382 1056 1424 marcas
1110 1363 1309 1443 possit
1364 1364 1603 1425 solvere
1660 1364 1825 1425 infra
1879 1365 2036 1426 duos
2087 1385 2307 1439 annos,
2354 1374 2417 1427 et
2459 1366 2593 1445 ipse
2634 1368 2781 1429 inde

314 1467 504 1528 faciet
545 1467 773 1529 bonam
817 1468 1290 1549 obligacionem.

322 1690 487 1751 June
531 1690 906 1751 9.—Letters
949 1692 1019 1771 of
1052 1692 1239 1753 recall
1277 1712 1428 1753 were
1461 1694 1780 1773 presented
1822 1694 1897 1772 by
1939 1694 2133 1773 Huqh
2171 1695 2245 1755 de
2286 1696 2631 1769 Newenton,
2676 1698 2785 1759 but

565 1770 635 1832 he
679 1771 802 1832 had
847 1778 904 1832 to
954 1780 1200 1852 present
1249 1772 1500 1855 himself
1533 1774 1724 1852 ayain
1777 1774 1931 1835 with
1976 1776 2187 1855 proofs
2230 1778 2301 1856 of
2350 1778 2447 1838 the
2500 1778 2783 1855 yenuine·

565 1872 701 1913 ness
744 1853 815 1932 of
850 1852 948 1914 the
989 1854 1144 1914 seals
1187 1851 1314 1915 and
1353 1854 1628 1917 evidence
1669 1856 1740 1935 of
1776 1856 1949 1917 title}

491 2004 530 2045 v
573 1984 727 2044 Idus
768 1984 964 2056 Junii,
1019 1985 1187 2064 apud
1239 1984 1694 2064 Kensingtone‚
1747 1986 1812 2046 in
1863 2005 2115 2047 camera
2158 1987 2417 2048 Abbatis
2466 1988 2541 2048 de
2572 1989 2780 2068 Abyn·

319 2086 502 2159 done,
568 2089 920 2167 comparuit
975 2108 1189 2149 coram
1245 2089 1522 2149 Domino
1577 2089 1894 2168 Episcopo
1949 2091 2400 2151 Herefordensi
2456 2092 2646 2171 Hugo
2701 2093 2779 2154 de

329 2198 740 2270 Newentone,
792 2199 1177 2278 capellanus,
1230 2199 1486 2260 exibens
1535 2219 1725 2259 unam
1778 2200 2057 2260 litteram
2106 2200 2530 2262 revocacionis
2578 2202 2782 2281 sigillo

323 2304 586 2364 Hem-ici
638 2304 714 2364 de
771 2304 1232 2383 Kingesemede
1287 2305 1646 2384 sigillatam,
1705 2312 1777 2365 ut
1835 2304 2015 2377 dixit,
2072 2312 2137 2366 et
2192 2305 2379 2365 aliam
2436 2306 2775 2385 sigillatam

319 2411 521 2489 sigillo
605 2409 1046 2471 Archidiaconi
1125 2410 1626 2482 Herefordensis,
1707 2416 1780 2471 ut
1855 2410 2029 2471 dixit.
2175 2410 2489 2486 Querebat
2561 2419 2775 2475 autem

321 2517 634 2577 Dominus
690 2517 770 2577 ab
819 2535 894 2577 eo
943 2536 1024 2577 an
1076 2516 1486 2596 probaciones
1535 2516 1722 2594 sigilli
1772 2516 2153 2577 sufficientes
2201 2516 2481 2587 haberet,
2528 2525 2590 2578 et
2618 2517 2779 2578 dixit

323 2642 392 2685 se
434 2624 664 2685 habere
705 2624 1149 2684 tantummodo
1183 2643 1379 2684 unum
1421 2630 1670 2696 testem,
1715 2643 1924 2703 quem,
1969 2624 2118 2704 quia
2159 2643 2285 2684 non
2328 2624 2530 2703 potuit
2573 2624 2777 2685 facere

323 2732 574 2812 plenam
637 2731 847 2802 fidem,
915 2731 1226 2791 Dominus
1287 2750 1414 2791 non
1485 2730 1763 2803 admisit,
1830 2736 1927 2791 set
1989 2730 2240 2810 prefixit
2289 2730 2456 2791 dicto
2518 2730 2775 2810 Hugoni

325 2837 490 2898 diem
535 2837 932 2896 Dominicam
975 2838 1325 2915 proximam
1367 2841 1516 2896 ante
1547 2836 1803 2896 Festum
1835 2836 2193 2897 nativitatis
2225 2836 2439 2897 Sancti
2468 2835 2780 2897 Johannis

319 2943 627 3023 Baptiste‚
673 2962 798 3023 qua
825 2947 1187 3022 compareat
1216 2961 1424 3002 coram
1458 2961 1532 3002 eo
1561 2942 1658 3001 vel
1689 2941 1819 3001 suis
1848 2942 2293 3002 commissariis
2323 2941 2489 3020 apud
2530 2942 2773 3004 Preste-

321 3048 500 3127 bury,
532 3048 928 3110 exhibiturus
954 3048 1364 3127 probaciones
1393 3052 1456 3108 et
1487 3046 1612 3106 alia
1638 3046 1783 3124 jura
1810 3065 1930 3126 que
1959 3066 2071 3125 pro
2102 3065 2171 3106 se
2200 3045 2393 3106 habet
2420 3047 2487 3105 in
2514 3046 2775 3126 negocio

311 3154 806 3233 presentacionis
855 3154 938 3214 ad
991 3154 1318 3214 ecclesiam
1361 3152 1438 3213 de
1490 3154 1729 3212 Actone
1778 3150 1841 3211 in
1892 3151 2316 3231 Longefelde3
2375 3153 2550 3213 salvo
2598 3153 2767 3213 dicto

315 3260 632 3339 Episcopo
676 3264 738 3319 et
780 3258 984 3320 eidem
1031 3258 1289 3337 Hugoni
1333 3256 1470 3336 jure
1521 3256 1685 3335 quod
1734 3257 1983 3335 utrique
2030 3257 2332 3335 competit
2386 3256 2452 3316 in
2502 3257 2769 3318 ecclesia

312 3372 683 3425 memorata.
798 3364 1155 3442 Episcopus
1204 3362 1470 3423 contulit
1520 3361 1577 3421 ei
1625 3361 1956 3421 ecclesiam
1997 3380 2110 3440 per
2151 3362 2399 3441 lapsum
2442 3364 2770 3442 temporis,

306 3477 378 3531 ut
420 3471 722 3551 sequitur.

307 3690 472 3751 June
532 3687 1086 3749 21.—Institution
1149 3694 1206 3748 to
1271 3686 1368 3747 the
1427 3684 1673 3747 Church
1727 3686 1798 3765 of
1856 3684 2053 3746 Acton
2108 3684 2278 3745 Scott
2330 3685 2402 3764 of
2448 3684 2642 3763 Huqh
2694 3684 2769 3745 de

552 3770 896 3840 Newenton,
933 3768 1148 3849 praest,
1187 3767 1504 3848 presented
1555 3767 1630 3845 by
1679 3766 1910 3827 Walter
1953 3767 2004 3826 le
2046 3766 2307 3838 Seculer,
2364 3765 2673 3843 Reqinald
2716 3766 2769 3827 le

553 3852 741 3921 Scott,
799 3850 926 3911 and
983 3850 1210 3910 Robert
1273 3848 1348 3909 de
1413 3848 1701 3909 Stretton.
1831 3847 1955 3908 The
2010 3846 2179 3925 riqht
2234 3848 2305 3927 of
2350 3846 2772 3926 presentation

553 3932 676 3993 had
722 3931 928 4011 lap-sed
973 3937 1030 3991 to
1075 3930 1172 3991 the
1213 3928 1467 4009 Bishop.
1571 3927 1869 3989 Mandate
1896 3928 2006 4009 for
2053 3927 2392 3988 induction.

465 4079 730 4138 Aca-ons
774 4094 841 4135 m
885 4073 1734 4144 Lononmsnnn.—Thomas,
1775 4076 1895 4133 etc.
2007 4071 2263 4151 Hugoni
2305 4071 2382 4131 de
2428 4072 2757 4145 Newtone,

309 4184 678 4266 presbiter0,
712 4182 1006 4253 salutem,
1038 4192 1156 4241 etc.
1223 4179 1317 4239 Ad
1349 4178 1678 4239 ecclesiam
1710 4177 1788 4238 de
1809 4178 2050 4239 Actone
2079 4177 2143 4236 in
2162 4175 2545 4256 Longefelde
2575 4182 2656 4249 te,
2682 4176 2763 4238 ad

310 4288 852 4370 presentacionem
898 4286 1266 4346 dilectorum
1312 4283 1582 4344 filiorum
1625 4282 1909 4354 Walteri,
1957 4280 2108 4342 dicti
2148 4281 2207 4342 le
2256 4281 2529 4354 Seculer‚
2575 4281 2756 4360 Regi-

304 4396 478 4456 naldi
520 4395 578 4455 le
624 4394 793 4465 Scot,
837 4400 902 4453 et
932 4392 1190 4452 Roberti
1220 4391 1297 4451 de
1335 4392 1676 4461 Strettone,
1721 4387 1951 4460 clerici,
1997 4406 2283 4447 verorum
2326 4390 2759 4466 patronorum²

311 4500 616 4581 ejusdem,
671 4498 1086 4567 admittimus,
1137 4511 1197 4557 et
1243 4496 1541 4558 canonice
1583 4496 1975 4555 instituimus
2014 4494 2079 4553 in
2126 4494 2366 4566 eadem,
2414 4493 2757 4554 secundum

310 4608 576 4669 formam
637 4603 1112 4666 constitucionis
1174 4604 1237 4663 in
1301 4603 1586 4682 proximo
1647 4601 1946 4680 preterito
2014 4600 2425 4679 Lugdunensi
2480 4599 2760 4662 Concilio

306 4712 717 4794 promulgate.
805 4711 885 4771 In
915 4712 1096 4789 cujus
1125 4711 1234 4781 rei,
1267 4715 1386 4770 etc.
1473 4709 1714 4768 Datum
1748 4705 1912 4786 apud
1941 4706 2313 4786 Bromyard‚
2346 4705 2409 4785 xj
2434 4696 2758 4767 Kalendas

447 4848 630 4889 I—This
657 4846 750 4889 and
777 4849 859 4888 the
887 4851 1001 4887 next
1025 4851 1166 4893 entry
1191 4846 1238 4886 in
1265 4846 1347 4886 the
1376 4844 1592 4891 Resistet·
1616 4855 1792 4890 appear
1817 4847 1867 4883 to
1893 4842 2015 4883 have
2041 4841 2155 4883 been
2182 4841 2432 4901 cancelled.

292 4951 422 4995 'hire
443 4900 647 4990 {T'l‘aehoey
673 4910 797 4939 were
822 4908 1148 4944 co-parceners
1175 4896 1221 4935 in
1248 4897 1330 4937 the
1357 4896 1540 4939 Manor.
1567 4894 1722 4935 which
1752 4891 1844 4934 had
1872 4892 2093 4939 belonged
2118 4896 2169 4934 to
2204 4904 2293 4933 six.
2380 4894 2553 4939 Eyton.
2590 4893 2761 4940 Shrop-
