3459 5617
1185 502 1487 583 Episcopi
1540 503 2023 583 Herefordensis.
2757 512 2834 571 41

535 726 728 789 Carta
767 726 1009 807 Pagani
1050 726 1130 787 de
1177 728 1485 808 Moubray
1515 728 1593 789 de
1633 728 1656 807 j
1702 730 2023 808 mesuagio
2059 742 2121 791 et
2147 730 2168 809 j
2202 732 2446 811 virgata
2476 737 2658 805 terre,
2692 752 2834 795 cum

369 822 791 902 pertinenciis,
823 825 1138 885 concessis
1171 824 1303 886 Ade
1331 825 1409 885 de
1440 824 1752 905 Moubray
1777 826 1845 885 in
1878 827 2277 901 Prestebury.

31 956 144 996 Pol.
183 957 286 999 1⁵12.
535 940 725 1002 Carta
783 941 1084 1002 Willelmi
1143 942 1436 1020 Symonis
1492 942 1570 1003 de
1624 942 2024 1024 Prestebury,
2073 943 2149 1005 de
2199 945 2411 1025 quieta
2459 946 2837 1008 clamatione

373 1036 630 1099 dimidie
675 1038 911 1117 virgate
952 1044 1116 1101 terre
1161 1059 1306 1101 cum
1347 1039 1753 1119 pertinenciis
1781 1041 2095 1103 concessis
2140 1044 2269 1103 Ade
2309 1042 2388 1104 de
2434 1044 2743 1124 Moubray
2769 1044 2836 1104 in

371 1142 772 1225 Prestebury.

534 1262 726 1325 Carta
773 1264 1037 1326 Walteri
1082 1265 1158 1326 de
1205 1263 1609 1345 Haverberge
1655 1266 1732 1327 de
1778 1272 1948 1328 terra
1995 1272 2057 1327 et
2102 1269 2481 1329 tenementis
2522 1270 2837 1331 concessis

370 1358 412 1420 J
415 1359 649 1420 ohsnni
678 1360 758 1422 de
786 1361 1143 1423 Notteclive
1171 1362 1237 1421 in
1270 1361 1840 1442 Sevenhamptone.

536 1479 728 1540 Carta.
780 1480 1077 1542 Willelmi
1135 1480 1213 1541 de
1271 1481 1645 1553 Notteclive‚
1703 1482 1782 1544 de
1837 1483 1857 1562 j
1918 1483 2158 1561 virgata
2214 1488 2377 1545 terre
2424 1484 2489 1544 in
2542 1484 2838 1565 Cloppele

372 1595 674 1637 concessa
715 1577 991 1638 Boberto
1032 1578 1324 1639 Andrew.

535 1696 727 1757 Carta
754 1696 1012 1757 Boberti
1040 1696 1154 1757 filii
1185 1697 1448 1759 Walteri
1478 1697 1756 1770 Cherlot,
1778 1698 1855 1760 de
1882 1698 1903 1778 j
1936 1698 2193 1759 dimidia.
2234 1699 2473 1779 virgata
2499 1706 2659 1762 terre
2688 1721 2834 1763 cum

369 1793 694 1871 mesuagio
733 1794 796 1853 in
844 1793 1182 1873 Cloppelle.

538 1912 731 1973 Carta
763 1913 1044 1985 Henrici,
1075 1912 1187 1973 filii
1229 1912 1508 1987 Roberti,
1540 1914 1618 1975 de
1661 1922 1833 1976 terra
1873 1916 1938 1975 in
1980 1916 2131 1976 villa
2172 1916 2249 1977 de
2292 1916 2828 1995 Brokhamptone,

369 2017 448 2078 de
508 2017 846 2097 Cloppelle,
904 2019 982 2080 de
1043 2020 1480 2099 Wyntewelle,
1538 2040 1841 2082 concessa
1888 2041 2030 2083 cum
2074 2022 2393 2101 mesuagio
2432 2023 2712 2084 Johanni
2755 2024 2835 2085 de

371 2114 748 2177 Notteclive.

529 2234 608 2293 In
678 2234 804 2294 alia
859 2234 1070 2313 pixide
1141 2240 1317 2296 carta
1384 2235 1426 2297 J
1447 2235 1763 2316 [ohannis]
1853 2236 2169 2317 Episcopi,
2247 2240 2357 2316 [et]
2430 2238 2831 2299 confirmacio

367 2338 660 2419 Capituli.
746 2339 911 2401 Item
953 2341 1168 2421 quieta
1208 2341 1508 2403 clemacio
1552 2342 1781 2421 Bogeri
1823 2342 1903 2403 de
1946 2342 2395 2422 Hyntlesham.

528 2463 692 2522 Item
751 2470 928 2524 certa
983 2462 1220 2523 domini
1275 2464 1448 2525 Petri
1504 2464 1583 2526 de
1643 2465 2053 2544 Bromptone,
2118 2472 2182 2527 et
2249 2466 2467 2546 quieta
2526 2466 2830 2528 clamecin

295 2630 302 2637 ,
368 2568 670 2647 ejusdem.

527 2686 689 2745 Item
735 2684 1006 2765 quedam
1048 2685 1258 2747 littere
1299 2685 1379 2747 de
1422 2692 1761 2748 attornato.
1846 2687 1937 2748 Et
1980 2687 2194 2749 omnia
2232 2687 2518 2767 predicta
2559 2694 2708 2751 sunt
2750 2688 2830 2751 de

366 2821 534 2876 terra
563 2815 640 2876 de
671 2816 967 2896 Gloppele
996 2820 1060 2878 et
1089 2816 1312 2878 Asshe.

527 2934 692 2995 Item
735 2934 958 2995 cedula
1000 2935 1328 2997 continens
1370 2954 1736 3014 processum
1775 2902 1943 2998 inter
1981 2936 2369 3017 Episcopum
2410 2936 2721 2999 Thomam
2762 2942 2827 2999 et

361 3039 685 3101 dominum
715 3040 768 3099 P
788 3043 1038 3119 [etrum]
1085 3040 1162 3101 de
1193 3041 1584 3121 Bromptoue
1611 3042 1688 3103 de
1717 3042 1902 3103 dictis
1932 3043 2133 3104 terris.

524 3161 662 3224 Hec
707 3161 980 3242 reposita
1021 3162 1276 3224 fuerunt
1320 3163 1387 3223 in
1431 3164 1474 3243 ij
1505 3164 1841 3244 pixidibus,
1871 3165 1937 3224 in
1970 3183 2116 3226 arca
2142 3164 2206 3224 in
2237 3164 2512 3245 capitulo
2538 3165 2821 3227 Ecclesie

363 3267 867 3341 Herefordensis,
891 3267 992 3329 die
1017 3269 1249 3330 Sancte
1275 3269 1582 3351 Milburge
1601 3290 1714 3350 per
1742 3269 2083 3331 Ricardum
2112 3270 2190 3331 de
2218 3270 2629 3350 Cleyhangre‚
2655 3288 2824 3331 anno

361 3373 618 3434 Domini
653 3372 1116 3434 M0000LXX0
1144 3374 1366 3455 quinto
1395 3373 1514 3436 sub
1543 3374 1720 3453 signo
1748 3374 2047 3454 Episcopi
2076 3374 2333 3438 Thome.

361 3627 504 3689 Feb.
547 3628 1026 3689 22.—Ma‘ndate
1052 3628 1123 3709 os
1157 3628 1482 3689 inductiva
1523 3634 1580 3689 to
1625 3627 1722 3688 the
1763 3629 2015 3707 custody
2049 3629 2120 3709 ⁰f
2153 3627 2429 3689 Humber
2474 3628 2719 3688 Ohurch
2758 3628 2831 3707 of

601 3708 770 3849 <John
819 3709 894 3769 de
945 3709 1130 3781 Cava,
1174 3709 1492 3788 presented
1542 3709 1615 3787 by
1670 3709 1930 3769 Thomas
1985 3709 2312 3787 Costentyn
2358 3709 2484 3768 and
2535 3709 2631 3769 his
2680 3708 2823 3788 wife

647 3810 867 3850 canna.

524 3932 991 3993 Humana—X
1049 3934 1375 3995 Kalendas
1448 3933 1673 3995 Marcii
1734 3934 2108 3995 mandatum
2169 3937 2264 3993 est
2320 3931 2589 3995 Officiali
2644 3932 2810 4012 quod

357 4037 616 4101 inducat
642 4040 682 4100 J
686 4038 997 4101 ohannem
1027 4039 1105 4101 de
1148 4039 1339 4113 Cava,
1382 4044 1817 4119 presentatum
1855 4058 1968 4119 per
2007 4038 2318 4100 Thomam
2361 4039 2710 4117 Costentyn
2752 4043 2817 4099 et

357 4142 716 4205 Johannam
765 4163 1021 4206 uxorem
1075 4146 1213 4225 eJ’us
1268 4144 1350 4206 ad
1399 4145 1706 4224 capellam
1756 4145 1834 4206 de
1882 4143 2191 4216 Humbre,
2242 4144 2307 4205 in
2355 4144 2817 4223 possessionem

376 4250 661 4329 ejusdem
709 4250 948 4330 capelle
1004 4250 1256 4311 nomine
1313 4250 1615 4312 custodie.

355 4507 578 4568 March
642 4510 696 4567 8.
701 4506 1245 4566 ——Memoramium
1304 4506 1375 4585 of
1431 4504 1648 4566 liceme
1709 4505 1781 4584 of
1832 4523 1955 4565 non
1957 4502 2282 4565 -residence
2332 4503 2441 4582 for
2500 4502 2684 4580 study
2747 4502 2821 4563 in

603 4587 898 4677 Theoloqy
960 4606 1030 4647 or
1095 4586 1308 4647 Canon
1361 4585 1515 4647 Law
1559 4586 1667 4665 for
1721 4605 1831 4645 one
1882 4604 2031 4663 year
2083 4584 2155 4643 in
2208 4584 2518 4661 Enqland‚
2576 4602 2645 4643 or
2700 4590 2813 4644 two

597 4688 773 4746 years
815 4666 886 4727 in
921 4667 1176 4738 France,
1222 4673 1279 4728 to
1323 4666 1547 4728 Robert
1587 4666 1661 4726 de
1703 4666 1915 4746 Shepe,
1956 4672 2150 4726 rector
2188 4665 2259 4745 os
2291 4664 2613 4725 Munslow.

523 4811 1004 4872 Memorandum
1049 4812 1214 4891 quod
1257 4812 1409 4873 data
1450 4818 1546 4873 est
1586 4810 1849 4873 licencia.
1890 4809 2166 4871 Roberto
2193 4808 2273 4870 de
2303 4808 2527 4887 Shepe,
2560 4806 2812 4868 Rectori

360 4918 620 4980 ecclesie
675 4918 754 4979 de
823 4918 1212 4980 Munselowe
1268 4918 1559 4981 studendi
1613 4919 1680 4978 in
1736 4917 2051 4998 theologia
2095 4916 2195 4978 vel
2243 4914 2512 4976 decretis
2557 4914 2625 4973 in
2673 4913 2812 4974 loco
