3459 5617
1149 487 1449 567 Episcopi
1502 488 1983 569 Hercsordensis.
2682 496 2798 555 147

339 752 467 814 Oct.
511 754 871 834 26.—Aster
919 754 1255 815 Visitation
1293 756 1366 835 of
1401 755 1498 815 the
1538 756 1726 817 Prior
1765 756 1893 815 and
1938 756 2203 817 convent
2244 758 2315 837 os
2352 758 2659 837 Chii-bury
2704 759 2803 820 the

579 833 816 915 Bishop
858 834 1082 896 directe
1130 834 1289 896 them
1335 842 1393 896 to
1436 836 1664 897 enclosc
1713 836 1874 897 their
1923 836 2255 916 buildin93,
2304 838 2430 899 aud
2478 838 2658 900 check
2704 839 2803 900 the

575 917 917 1087 2533,ss
963 916 1706 1088 Ξὸοέἔῖγῃῖἷηχίἱᾬίε
1738 917 2186 1076 ῗυῗῖῗιὴιαζῖῗθη
2199 919 2799 1092 ‘'affigit-3573?

579 1076 644 1137 be
695 1076 832 1137 held
881 1097 952 1137 m
1003 1078 1098 1137 the
1141 1078 1375 1139 Parish
1423 1078 1669 1139 Ghurch
1707 1099 1778 1139 or
1816 1080 2172 1157 qraveyard.
2283 1080 2495 1159 Owinq
2539 1088 2596 1141 to
2642 1081 2803 1141 their

578 1156 744 1218 dcbts
790 1157 949 1218 their
988 1159 1240 1219 number
1278 1167 1442 1219 must
1482 1166 1586 1219 not
1631 1160 1696 1219 be
1729 1160 2039 1220 inorsa-scd
2072 1160 2331 1221 without
2368 1161 2463 1221 his
2499 1162 2797 1234 sanction,

575 1257 689 1299 nor
732 1238 830 1299 the,
868 1238 1030 1299 rulcs
1073 1240 1146 1319 of
1177 1240 1395 1301 silence
1435 1240 1857 1318 disrcqarded;
1894 1261 2007 1301 nor
2038 1249 2201 1301 must
2242 1242 2339 1303 the
2372 1242 2559 1303 Prior
2590 1243 2800 1303 absent

580 1318 832 1398 himself
867 1321 1038 1400 from
1098 1319 1355 1391 cloistcr,
1418 1321 1728 1400 refectory,
1785 1341 1855 1382 or
1914 1321 2268 1401 dor-mitons.
2372 1324 2469 1383 No
2511 1332 2800 1403 property

578 1408 741 1460 must
792 1400 856 1461 be
907 1400 1232 1461 alienatcd.
1341 1402 1581 1463 Ganons
1633 1402 1702 1481 of
1738 1402 2023 1481 doubtful
2069 1402 2447 1464 antecedents
2490 1411 2652 1464 must
2694 1411 2804 1465 not

576 1500 647 1558 90
704 1481 944 1542 outside
989 1481 1085 1541 the
1139 1482 1443 1543 enclosure
1498 1482 1758 1543 without
1821 1484 2213 1562 trustworthy
2275 1484 2797 1565 companionship.

575 1562 805 1640 Report
858 1568 1022 1623 mist
1086 1563 1152 1623 be
1209 1563 1384 1623 made
1445 1563 1517 1642 of
1579 1564 1675 1623 the
1728 1564 2158 1643 punishuaents
2222 1566 2292 1643 os
2347 1566 2511 1625 those
2571 1566 2641 1645 os
2696 1566 2799 1626 ill-

573 1649 796 1721 reputa.

497 1824 840 1885 Crinisum(
896 1842 1020 1885 PRO
1075 1826 2030 1897 consummamus—Thomas,
2071 1835 2213 1900 etc„
2258 1826 2459 1886 Priori
2515 1835 2579 1887 et
2636 1826 2795 1888 Con-

331 1930 548 1990 ventui
579 1930 657 1989 de
701 1930 1048 2009 Chirebury
1090 1931 1381 2002 salutem,
1411 1938 1532 1992 etc.
1619 1929 1872 2005 Quanto
1902 1932 2016 1993 viri
2052 1933 2368 2011 regulares
2401 1940 2465 1992 et
2500 1932 2795 2013 religiosi,

334 2056 412 2097 ex
457 2036 712 2098 Ordinis
755 2038 852 2098 sui
896 2036 1126 2109 debit0,
1174 2038 1298 2098 vite
1340 2038 1803 2116 preeminencie.
1845 2046 1909 2098 et
1966 2038 2448 2099 conversacione
2497 2038 2797 2098 laudabili

330 2144 477 2204 aliis
534 2143 598 2202 in
654 2145 977 2223 speculum
1033 2163 1170 2205 esse
1229 2150 1520 2205 tenentur
1569 2145 1949 2215 sanctitatis,
1994 2146 2100 2224 qui
2144 2145 2357 2206 divina
2398 2145 2801 2223 providencia

327 2250 394 2311 in
436 2250 636 2328 ipsius
678 2258 912 2311 sortem
955 2252 1310 2329 specialiter
1352 2260 1500 2312 sunt
1544 2251 1744 2323 electi,
1778 2257 1958 2311 tanto
1996 2251 2282 2311 acerbius
2313 2251 2798 2329 reprehensione

331 2356 502 2437 digni
560 2366 623 2418 et
680 2357 940 2418 diversis
997 2376 1303 2436 penarum
1358 2357 1688 2437 generibus
1742 2358 1959 2436 procul
2015 2357 2204 2418 dubio
2262 2356 2573 2435 affligendi
2623 2362 2793 2429 sunt,

332 2463 386 2525 si
429 2464 494 2523 in
537 2464 738 2542 legem
782 2462 903 2523 Dei
946 2464 1041 2523 sui
1085 2472 1149 2523 et
1191 2470 1410 2523 contra
1451 2463 1768 2542 religionis
1812 2482 1922 2523 sue
1970 2461 2409 2524 observancias
2458 2462 2794 2541 quicquam

332 2568 670 2629 indiscrete
726 2575 788 2629 et
852 2570 1209 2649 frequenter
1271 2569 1697 2629 commiserint
1753 2588 1867 2648 per
1918 2568 2087 2648 quod
2143 2568 2513 2628 scandalum
2568 2568 2792 2628 menti-

327 2673 447 2735 bus
505 2673 768 2734 aliorum
827 2693 953 2733 non
1008 2674 1302 2735 inmerito
1358 2674 1566 2735 valeat
1618 2674 1922 2754 generari,
1966 2693 2109 2734 cum
2160 2692 2238 2734 ea
2278 2693 2400 2753 que
2444 2692 2482 2733 a
2523 2672 2689 2733 clero
2731 2682 2799 2733 et

329 2780 602 2840 maxime
664 2778 967 2858 religiosis
1030 2785 1300 2859 aguntur
1362 2779 1440 2839 de
1502 2779 1670 2839 facili
1734 2779 2075 2839 trahuntur
2136 2798 2174 2839 a
2237 2778 2505 2839 subditis
2568 2779 2631 2837 in
2692 2798 2793 2839 ex·

328 2885 626 2963 emplum.
717 2886 879 2946 Sane
934 2904 1011 2945 ex
1067 2888 1405 2946 commissa
1459 2884 1779 2963 regiminis
1831 2885 2014 2945 nobis
2069 2904 2107 2945 a
2151 2885 2288 2944 Deo
2330 2904 2480 2944 cura
2521 2884 2794 2944 officium

328 2990 730 3051 Visitacionis
785 2991 852 3049 in
908 2997 1118 3052 vestro
1173 2991 1464 3050 Prioratu
1519 3009 1718 3069 nuper
1776 2989 2231 3068 impendentes,
2298 2989 2603 3049 nonnulla
2669 2988 2792 3049 dis-

324 3096 630 3175 plicencia
698 3116 773 3156 ex
846 3097 1052 3157 relatu
1120 3096 1571 3175 fidedignorum
1637 3095 2083 3167 intelleximus,
2150 3114 2395 3155 necnon
2458 3100 2521 3156 et
2584 3095 2797 3174 aliqua

330 3201 582 3262 oculata
623 3202 745 3262 fide
786 3202 1171 3281 perpendere
1212 3203 1552 3281 potuimus,
1598 3221 1718 3281 que
1762 3202 2041 3261 animum
2086 3206 2371 3261 nostrum
2416 3208 2637 3261 contra
2683 3219 2796 3261 vos

330 3326 455 3367 non
501 3307 816 3367 modicum
860 3328 1107 3368 movere
1148 3314 1460 3386 poterant,
1507 3316 1570 3367 et
1613 3327 1735 3387 que
1778 3308 1858 3367 ad
1902 3306 2529 3367 animadvertendum
2573 3307 2636 3366 in
2680 3326 2793 3368 vos

332 3412 542 3492 penali
602 3413 836 3491 judicio
897 3414 1082 3473 variis
1146 3433 1223 3473 ex
1293 3414 1500 3475 causis
1568 3412 2051 3484 racionabiliter,
2119 3412 2293 3473 novit
2365 3413 2559 3485 Deus,
2634 3414 2790 3474 satis

323 3508 574 3579 fuerant
639 3517 978 3578 inductiva.
1106 3517 1230 3578 Illa
1291 3518 1480 3598 igitur
1544 3539 1666 3598 que
1727 3518 2118 3579 correccione
2181 3537 2293 3579 seu
2342 3518 2791 3579 refer-macione

329 3624 520 3704 digna
575 3644 714 3685 esse
771 3643 1121 3698 censemus,
1164 3632 1350 3705 prout
1398 3626 1479 3685 ad
1536 3644 1796 3704 presens
1852 3644 2038 3705 super
2081 3624 2201 3684 hiis
2243 3624 2581 3685 deliberare
2624 3625 2791 3686 vale-

329 3749 533 3802 amus,
578 3741 972 3792 reservantes
1021 3732 1201 3792 nobis
1257 3751 1488 3810 penam
1543 3752 1656 3812 pro
1699 3732 2070 3803 commissis,
2115 3730 2289 3791 vobis
2334 3730 2611 3791 seriatim
2653 3750 2789 3809 pre-

325 3835 612 3897 sentibus
647 3835 1102 3914 significamus3
1146 3836 1211 3896 in
1247 3836 1472 3916 quibus
1505 3836 1871 3915 diligencius
1905 3834 2287 3913 corrigendis
2321 3835 2375 3895 si
2410 3834 2793 3913 negligentes

322 3938 568 4000 fueritis
623 3940 722 4000 vel
784 3940 1048 4010 remissi,
1101 3940 1298 3999 eciam
1355 3959 1468 4018 pro
1514 3939 1911 4019 presentibus
1960 3945 2023 3999 et
2067 3939 2315 4011 futuris,
2361 3938 2795 3998 indubitanter

322 4045 694 4104 canonicam
749 4045 985 4105 evitare
1042 4064 1167 4105 non
1224 4045 1497 4127 credatis
1551 4045 1884 4105 ulcionem.
1992 4044 2070 4104 In
2127 4043 2347 4123 primis
2408 4044 2621 4122 itaque
2678 4043 2791 4103 filii

322 4149 658 4221 karissimi,
731 4149 997 4209 firmiter
1062 4149 1442 4229 precipimus
1509 4150 1895 4231 injungendo
1959 4149 2125 4229 quod
2188 4149 2353 4210 infra
2415 4155 2597 4228 septa
2658 4168 2788 4209 mo-

321 4256 585 4316 nasterii
653 4256 849 4315 vestri
907 4262 1150 4317 vosmet
1220 4256 1393 4335 ipsos
1461 4256 1551 4317 ita
1613 4255 2023 4316 materialiter
2088 4254 2323 4315 includi
2391 4254 2640 4315 faciatis
2710 4273 2791 4315 ne

320 4363 614 4424 omnibus
688 4365 1002 4425 extraneis
1072 4364 1248 4425 laicis
1322 4374 1387 4426 et
1463 4363 1828 4425 mulieribus
1906 4372 1968 4425 et
2049 4364 2189 4424 aliis
2264 4362 2627 4423 indistincte
2697 4364 2789 4423 in-

319 4470 639 4549 grediendi
697 4471 836 4531 loca
895 4477 1125 4543 vestra,
1180 4472 1291 4551 [in]
1345 4470 1573 4551 quibus
1627 4470 2149 4549 contemplacioni
2206 4476 2270 4529 et
2325 4469 2537 4529 divino
2592 4469 2793 4529 cultui

319 4576 632 4637 secrecius
702 4596 924 4637 vacare
997 4575 1260 4648 debetis,
1326 4581 1512 4657 prout
1575 4578 1903 4649 hactenus,
1965 4577 2043 4637 de
2106 4596 2229 4656 quo
2291 4575 2597 4647 dolemus,
2654 4575 2790 4635 fieri

318 4682 665 4754 consuevit,
741 4683 1128 4762 inposterum
1206 4690 1421 4763 pateat
1501 4683 1771 4743 facultas
1848 4682 2204 4753 accedendi,
2282 4689 2379 4741 set
2456 4680 2620 4740 circa
2694 4680 2787 4739 in-

319 4788 669 4849 clusionem
705 4789 894 4849 vestri
931 4798 996 4849 et
1038 4789 1366 4850 ecclesiam
1405 4795 1677 4850 vestram
1713 4788 2202 4849 construendam
2246 4788 2432 4848 solito
2473 4786 2788 4848 efficacius

320 4891 640 4965 laboretis,
683 4894 828 4953 licet
869 4894 1061 4965 victu,
1101 4895 1354 4969 vestitu,
1389 4900 1454 4956 et
1492 4896 1632 4957 aliis
1671 4896 2133 4977 aliquantulum
2172 4912 2284 4955 vos
2321 4892 2517 4953 vitam
2555 4892 2783 4953 ducere
