3459 5617
1189 494 1490 573 Episcopi
1544 494 2026 573 Heresordensia
2761 500 2840 561 63

377 718 560 799 April
613 718 1353 789 17,1280.-—Ri0hard
1419 718 1494 779 de
1563 719 1879 796 Swinfield
1936 718 1990 779 is
2050 720 2306 779 collated
2360 728 2419 781 to
2478 720 2575 781 the
2644 722 2837 782 Arch-

617 800 916 877 deaconry
985 800 1055 878 os
1117 799 1484 879 Shropshire
1551 800 1805 859 vacatecl
1875 801 1930 859 b
1910 820 1949 877 J
2021 801 2225 861 James
2297 801 2369 861 de
2438 800 2841 879 Aquablanca

617 881 778 958 after
803 887 1070 940 sentence
1098 881 1168 959 os
1201 880 1604 959 deprivation.
1711 881 1833 939 The
1855 881 2121 960 prebend
2149 883 2218 960 of
2250 882 2557 959 Ledbury,
2586 884 2841 944 vacated

620 962 694 1038 by
760 961 905 1030 him,
969 960 1025 1021 is
1087 962 1358 1021 reserved
1414 963 1488 1039 by
1537 962 1735 1039 papal
1795 961 2001 1021 ιήᾱκίι
2045 964 2153 1042 for
2209 962 2305 1021 the
2363 963 2613 1041 Bishop‘
2619 984 2647 1023 s
2704 985 2838 1023 own

617 1062 739 1102 use.
851 1042 1050 1119 Roqer
1096 1042 1169 1101 de
1227 1043 1528 1102 Sevenake
1584 1042 1638 1101 is
1681 1042 1939 1101 collated
1998 1050 2055 1103 to
2100 1043 2195 1102 the
2230 1042 2497 1122 prebeml
2538 984 2604 1103 apt
2648 1045 2835 1104 Here-

606 1123 756 1201 ford
798 1123 927 1183 also
968 1123 1237 1182 vacated.
1323 1124 1619 1183 Mandate
1664 1130 1721 1182 to
1773 1124 2245 1201 Hebdonmclary
2291 1131 2348 1183 to
2390 1124 2624 1184 induet.
2714 1126 2837 1185 The

618 1203 1011 1263 Archdeacon
1049 1224 1174 1263 was
1219 1204 1508 1263 installed
1553 1204 1608 1262 b
1587 1224 1626 1281 J
1680 1204 1776 1263 the
1837 1204 2090 1281 Official‚
2152 1202 2247 1265 the
2302 1204 2605 1265 witnesses
2664 1206 2838 1284 beinq

614 1284 871 1363 pledqed
915 1291 972 1343 to
1013 1305 1204 1344 secrec·
1206 1287 1286 1361 J

543 1441 1023 1502 Memorandum
1041 1442 1208 1523 quod
1232 1461 1398 1501 anno
1429 1442 1684 1501 Domini
1719 1442 1959 1503 M0Gc0
1982 1441 2382 1520 octogesimo,
2414 1462 2496 1502 xv
2519 1442 2844 1505 Kalendas

380 1548 555 1621 Maii,
577 1548 956 1609 contulimus
973 1548 1211 1607 intuitu
1233 1549 1510 1608 caritatis
1533 1549 2127 1610 Archidiaconatum
2154 1547 2470 1626 Salopsire
2488 1555 2840 1621 vacantem,

379 1661 510 1715 tam
553 1673 664 1732 per
703 1654 1198 1732 resignacionem
1227 1654 1510 1732 magistri
1540 1655 1673 1715 Ade
1716 1656 1795 1715 de
1823 1654 2062 1732 Fileby‚
2095 1655 2528 1715 Procuratoris
2560 1655 2841 1733 magistri

377 1760 416 1821 J
421 1759 598 1821 acobi
628 1759 705 1819 de
737 1761 914 1839 Aqua
941 1760 1203 1831 Blanca,
1235 1760 1551 1839 quondam
1577 1760 2015 1820 Archidiaconi
2036 1760 2153 1820 loci
2177 1759 2459 1838 predicti,
2488 1760 2843 1839 specialiter

381 1865 463 1926 ad
507 1866 628 1925 hoc
666 1866 820 1937 dati,
860 1866 1094 1926 factam
1141 1866 1206 1925 in
1251 1884 1478 1925 manus
1525 1871 1776 1925 nostras
1820 1885 2033 1925 coram
2080 1865 2397 1943 magistris
2443 1864 2718 1925 Roberto
2762 1864 2841 1925 ds

379 1972 792 2041 Gloucestria‚
826 1972 1122 2053 Blogero]
1169 1971 1246 2030 de
1293 1970 1630 2039 Sevenake,
1664 1970 1918 2029 domino
1964 1969 2245 2031 Waltero
2286 1969 2363 2028 de
2400 1968 2838 2047 Rudmerleye,

379 2077 440 2155 vj
525 2078 678 2137 Idus
762 2077 1010 2155 Aprilis,
1083 2076 1249 2155 apud
1335 2075 1686 2153 Ledebury,
1759 2094 1924 2135 anno
1994 2074 2371 2153 supradictO,
2457 2093 2647 2154 quam
2728 2093 2842 2152 per

379 2183 766 2243 sentenciam
819 2181 1196 2261 privacionis
1249 2181 1447 2241 latam
1503 2187 1725 2241 contra
1782 2179 2022 2239 dictum
2076 2180 2449 2258 magistrum
2504 2179 2835 2251 Jacobum,

378 2288 595 2350 ordine
636 2288 794 2366 juris
835 2288 1182 2359 observate,
1227 2287 1609 2347 contulimus
1659 2286 1958 2364 magistro
2008 2285 2276 2345 Ricardo
2324 2286 2402 2346 de
2455 2286 2847 2363 Svynefeld,¹

381 2394 770 2457 Cancellario
821 2394 1186 2474 Lyncolnie,
1231 2394 1283 2453 si
1328 2398 1634 2472 acceptet.
1747 2393 1835 2452 Et
1878 2393 1931 2453 si
1974 2393 2140 2452 idem
2183 2393 2589 2453 collacionem
2636 2394 2841 2471 ipsam

379 2519 509 2561 non
550 2508 857 2579 acceptet,
916 2500 1298 2560 contulimus
1355 2518 1492 2559 eam
1553 2498 1807 2558 domino
1864 2498 2181 2559 Willelmo
2234 2498 2313 2558 de
2373 2497 2711 2559 Albaniaco
2774 2498 2843 2559 in

384 2606 586 2667 forma
643 2606 1141 2667 constitucionis.

543 2763 708 2823 Item
765 2761 998 2822 eisdem
1055 2760 1176 2833 die,
1236 2766 1298 2821 et
1353 2760 1509 2831 1000,
1560 2765 1622 2820 et
1685 2778 1873 2830 anno,
1932 2758 2273 2837 resignavit
2322 2758 2489 2819 idem
2538 2760 2837 2839 magister
2937 2798 2943 2805 -

381 2868 639 2951 A[dam]
663 2915 676 2939 ,
705 2868 888 2947 juxta
913 2868 1322 2947 procuratorii
1352 2867 1448 2927 sui
1476 2867 1658 2937 vires,
1689 2865 2072 2945 prebendam
2096 2885 2283 2945 quam
2307 2866 2510 2926 dictus
2543 2867 2840 2944 magister

381 2975 655 3037 Jacobus
699 2975 900 3035 tenuit
942 2974 1007 3033 in
1049 2974 1314 3034 ecclesia
1361 2973 1691 3052 Ledebury
1736 2974 1799 3031 in
1850 2992 2077 3032 manus
2127 2980 2411 3043 nostras;
2464 2992 2653 3051 quam
2705 2992 2839 3052 pre-

380 3079 668 3151 bendam,
716 3080 1092 3140 auctoritate
1141 3078 1472 3157 cujusdam
1516 3078 1909 3156 indulgencie
1959 3077 2221 3157 papalis,
2274 3078 2339 3137 in
2395 3085 2647 3138 nostros
2691 3097 2843 3139 usus

381 3186 664 3265 proprios
694 3186 1058 3245 retinemus,

542 3330 707 3390 Item
736 3329 972 3390 eisdem
994 3328 1113 3400 die,
1141 3347 1324 3399 anno,
1352 3334 1414 3387 et
1442 3328 1578 3387 loco
1605 3328 1903 3406 predictis
1933 3327 2273 3406 resignavit
2304 3328 2511 3387 dictus
2544 3329 2843 3407 magister

378 3435 637 3518 A[dam]
676 3442 970 3496 oretenus
991 3441 1056 3495 et
1077 3433 1448 3494 litteratorie
1465 3433 1848 3512 prebendam
1873 3453 2065 3513 quam
2097 3433 2317 3493 habuit
2347 3435 2513 3494 idem
2544 3434 2841 3513 magister

378 3541 417 3602 J
423 3543 652 3602 acobus
690 3542 756 3601 in
795 3540 1082 3601 Ecclesia
1127 3539 1590 3609 Herefordensi,
1633 3558 1821 3617 quam
1862 3540 2113 3618 quidem
2154 3541 2454 3618 magistro
2490 3541 2731 3618 Rogero
2758 3540 2839 3600 de

384 3646 701 3707 Sevenake
756 3645 1139 3706 contulimus
1195 3644 1430 3705 intuitu
1477 3644 1762 3704 caritatis
1818 3645 2084 3705 hiisdem
2142 3644 2299 3716 loco,
2345 3645 2464 3716 die,
2517 3654 2580 3705 et
2631 3665 2837 3717 anno;

378 3752 774 3831 presentibus
820 3750 1104 3831 personis
1155 3749 1615 3829 suprascriptis.
1725 3750 1925 3828 Super
1967 3770 2093 3829 qua
2135 3750 2475 3811 collacione
2519 3752 2839 3813 emanavit

375 3858 586 3918 littera
628 3857 986 3918 collacionis
1017 3875 1286 3917 unacum
1331 3856 1544 3916 littera
1571 3855 2040 3917 Ebdomodario
2070 3856 2311 3916 directa
2343 3855 2420 3916 de
2449 3856 2835 3918 installando

382 3963 671 4025 eundem.

539 4104 909 4167 Installacio
947 4113 1161 4165 autem
1199 4104 1278 4165 de
1326 4103 1851 4165 Archidiaconatu
1880 4124 1955 4163 ex
1986 4104 2243 4182 speciali
2272 4104 2557 4182 injuncto
2582 4104 2838 4166 Domini

379 4213 549 4275 iacta
595 4211 714 4273 fuit
775 4231 887 4291 per
940 4210 1311 4289 magistrum
1357 4210 1669 4287 Rogerum
1726 4209 1806 4268 de
1864 4209 2205 4280 Sevenake,
2259 4216 2410 4268 tunc
2468 4209 2834 4284 Officialem,

378 4319 723 4381 secundum
779 4317 1038 4378 modum
1087 4314 1371 4394 superius
1421 4321 1815 4384 annotatum,
1875 4313 2003 4392 xiiij
2059 4314 2381 4375 Kalendas
2436 4314 2589 4375 Maii
2614 4334 2628 4386 ;
2701 4336 2837 4393 pre-

379 4426 658 4487 sentibus
717 4424 999 4484 Waltero
1055 4422 1223 4483 dicto
1279 4422 1611 4491 Banastre,
1677 4421 2023 4499 capellam,
2084 4421 2363 4480 Henrico
2422 4420 2497 4480 de
2555 4420 2838 4498 Keyrdif,

379 4532 656 4593 Henrico
705 4531 781 4591 de
833 4528 1166 4599 Shorham,
1213 4527 1479 4587 Ricardo
1533 4527 1905 4606 SpygurneL
1951 4527 2057 4606 qui
2106 4546 2325 4586 omnes
2370 4535 2839 4588 sacramentum

377 4638 788 4717 prestiterunt
814 4635 980 4714 quod
1009 4634 1247 4695 factum
1275 4632 1430 4693 illud
1459 4651 1585 4691 non
1628 4632 2038 4712 publicabunt
2082 4643 2419 4711 antequam
2460 4631 2836 4694 mandatum

379 4742 726 4822 receperint
754 4761 793 4803 a
824 4742 1095 4802 Domino
1125 4740 1458 4819 EpiscopO,
1491 4746 1602 4798 aut
1630 4759 1742 4818 per
1770 4759 1915 4799 eum
1944 4738 2129 4799 fuerit
2157 4737 2569 4818 publicatum.

528 4874 712 4917 l--This
737 4878 876 4922 entry
902 4886 1004 4917 was
1030 4872 1317 4915 afterwards
1342 4870 1594 4913 cancelled.

520 4924 852 4971 2-Swinfleld.
871 4928 978 4967 who
994 4922 1250 4965 succeeded
1268 4922 1518 4969 Cantilune
1543 4934 1600 4963 as
1629 4922 1823 4969 Bishon.
1850 4922 1943 4964 had
1972 4922 2086 4963 been
2112 4922 2304 4970 already
2330 4922 2437 4969 long
2465 4922 2511 4962 in
2538 4922 2614 4965 his
2641 4924 2838 4966 service.
