3459 5617
1109 490 1409 571 Episcopi
1462 490 1946 570 Hercsordensis.
2640 493 2761 556 207

300 715 599 775 nocencia
660 734 727 775 se
788 734 1037 775 murum
1098 715 1478 776 defensionis
1535 723 1850 795 opponat;
1917 718 2269 796 specialiter
2340 738 2482 778 cum
2556 717 2766 780 dilecti

296 819 427 892 filii,
502 820 709 880 Abbas
779 829 843 880 et
903 821 1128 881 fratres
1200 820 1277 880 de
1350 821 1549 893 Deua,
1624 822 2056 883 cisterciensis
2137 823 2410 894 Ordinis,
2482 830 2616 884 tam
2688 825 2768 886 de

297 925 729 1005 frequentibus
808 926 1054 1006 injuriis
1137 946 1325 1006 quam
1411 927 1488 986 de
1570 927 1706 1006 ipso
1797 928 2113 989 cotidiano
2184 928 2432 990 defectu
2507 929 2761 1007 justicie

298 1041 771 1113 conquerentes,
828 1031 1301 1092 universitatem
1360 1041 1634 1092 vestram
1698 1033 1926 1093 litteris
1980 1034 2302 1113 petierunt
2354 1034 2636 1104 excitari,
2689 1041 2761 1096 ut

298 1137 389 1197 ita
442 1138 731 1199 videlicet
788 1138 877 1198 eis
932 1138 997 1197 in
1056 1137 1565 1198 tribulacionibus
1637 1139 1772 1198 suis
1832 1149 2055 1199 contra
2115 1139 2551 1200 malefactores
2611 1159 2762 1201 suos

295 1257 587 1323 prompta
626 1243 909 1303 debeatis
942 1243 1461 1320 magnanimitate
1495 1263 1888 1323 consurgere,
1930 1244 2097 1324 quod
2132 1244 2212 1305 ab
2253 1245 2561 1325 angustiis
2597 1265 2759 1326 quas

296 1349 612 1410 sustinent
669 1360 733 1409 et
787 1348 1095 1427 pressuris
1155 1355 1364 1408 vestro
1420 1351 1665 1428 possint
1721 1349 1994 1429 presidio
2045 1349 2372 1429 respirare.
2481 1350 2760 1431 Ideoque

295 1455 690 1516 universitati
733 1461 935 1514 vestre
979 1474 1087 1532 per
1132 1453 1489 1532 Apostolica
1532 1454 1767 1534 scripta
1811 1455 2188 1516 mandamus
2240 1463 2429 1535 atque
2491 1455 2758 1534 precipi-

294 1581 436 1622 mus
478 1561 775 1640 quatinus
817 1560 957 1620 illos
1001 1559 1106 1639 qui
1148 1561 1575 1638 possessiones
1605 1561 1699 1620 vel
1743 1581 1864 1632 ree,
1911 1580 2020 1621 seu
2064 1561 2284 1622 domos
2326 1560 2752 1639 predictorum

294 1668 555 1728 fratrum
597 1667 691 1727 vel
737 1665 1061 1726 hominum
1107 1685 1359 1725 suorum
1404 1668 1816 1726 irreverenter
1852 1665 2217 1736 invaserint,
2257 1675 2366 1726 aut
2408 1685 2486 1726 ea
2526 1666 2761 1744 injuste

293 1773 676 1833 detinuerint
719 1791 841 1850 que
896 1770 1196 1850 predictis
1252 1770 1549 1831 fratribus
1606 1791 1681 1830 ex
1739 1778 2121 1832 testamento
2165 1771 2607 1832 decedencium
2661 1790 2756 1830 re-

296 1879 680 1958 linquantur,
728 1897 837 1936 seu
898 1878 963 1937 in
1021 1877 1246 1936 fratres
1307 1876 1495 1954 ipsos,
1542 1883 1763 1936 contra
1829 1876 2186 1954 Apostolice
2249 1877 2427 1938 Sedis
2483 1877 2756 1949 indulta,

294 1984 679 2044 sentenciam
746 1981 1425 2044 excommunicacionis
1484 1988 1593 2042 aut
1660 1982 1976 2042 interdicti
2044 1981 2542 2061 presumpserint
2616 2001 2756 2060 pro-

294 2089 596 2168 mulgare,
642 2088 739 2148 vel
789 2088 1065 2148 decimas
1121 2087 1405 2147 laborum
1458 2107 1569 2146 seu
1618 2086 2140 2147 nutrimentorum
2184 2089 2483 2166 ipsorum,
2530 2089 2757 2166 spretis

298 2194 651 2272 Apostolice
725 2193 903 2254 Sedis
972 2192 1327 2272 privilegiis.
1397 2199 1804 2272 extorquere;
1891 2192 2241 2253 monicione
2313 2193 2637 2270 premissa,
2701 2193 2754 2252 si

290 2299 433 2360 laici
474 2299 727 2370 fuerint,
773 2299 1021 2377 puplice
1065 2298 1341 2358 candelis
1386 2297 1665 2358 accensis
1704 2298 2381 2358 excommunicacionis
2426 2299 2754 2358 sentencia

288 2405 684 2483 percellatis;
756 2406 810 2465 si
880 2390 1024 2465 vero
1094 2405 1301 2464 clerici
1372 2405 1469 2466 vel
1539 2404 1822 2464 canonici
1891 2404 2204 2482 regulares
2277 2423 2389 2464 seu
2458 2403 2752 2463 monachi

289 2510 539 2582 fuerint,
587 2529 693 2570 eos
735 2510 1166 2590 appellacione
1208 2517 1448 2570 remota
1490 2509 1571 2570 ab
1613 2509 1814 2569 officio
1857 2517 1918 2569 et
1967 2509 2270 2570 beneficio
2324 2509 2746 2588 suspendatis,

290 2616 489 2676 donec
544 2616 839 2694 predictis
894 2616 1195 2676 fratribus
1248 2615 1524 2694 plenarie
1570 2614 2001 2686 satisfaciant;
2049 2623 2110 2674 et
2172 2627 2303 2675 tam
2355 2614 2499 2675 laici
2556 2634 2747 2694 quam

287 2721 493 2781 clerici
538 2722 870 2793 seculares,
928 2721 1033 2800 qui
1085 2740 1198 2799 pro
1246 2720 1522 2782 violenta
1578 2740 1880 2780 manuum
1931 2720 2274 2799 injeccione
2320 2721 2747 2781 anathematis

288 2827 537 2887 vinculo
578 2827 811 2886 fuerint
851 2825 1160 2896 innodati,
1208 2846 1350 2885 cum
1393 2826 1707 2886 diocesani
1757 2825 2054 2904 Episcopi
2108 2826 2333 2886 litteris
2386 2826 2463 2886 ad
2519 2826 2746 2887 Sedem

288 2932 709 3012 Apostolicam
757 2932 1103 3002 venientes,
1150 2933 1230 2992 ab
1285 2931 1505 2991 eodem
1559 2931 1809 2991 vinculo
1865 2938 2223 2992 mereantur
2285 2932 2544 2994 absolvi.
2649 2933 2746 2992 De

287 3037 611 3097 monachis
672 3055 819 3096 vero
878 3047 941 3096 et
1001 3037 1319 3096 canonicis
1378 3036 1442 3097 id
1510 3042 1811 3106 servetur,
1874 3043 1966 3107 ut,
2029 3036 2081 3096 si
2145 3036 2426 3115 ejusdem
2489 3037 2748 3097 claustri

287 3142 511 3202 fratres
568 3161 795 3202 manus
850 3142 913 3201 in
972 3162 1038 3202 se
1096 3141 1424 3219 injecerint
1479 3142 1808 3211 violentae,
1867 3161 1980 3220 per
2024 3141 2330 3202 Abbatem
2387 3143 2744 3220 proprium;

288 3250 340 3310 si
384 3269 528 3308 vero
570 3251 757 3309 unius
800 3250 1058 3308 claustri
1099 3248 1293 3307 frater
1346 3247 1410 3306 in
1470 3247 1727 3306 fratrem
1791 3247 2050 3307 alterius
2107 3247 2365 3308 claustri
2421 3267 2744 3328 presump-

287 3357 437 3415 serit
494 3356 863 3416 violenciam
906 3374 1213 3425 exercere,
1272 3373 1383 3432 per
1437 3353 1732 3431 injuriam
1777 3354 1944 3432 passi
1995 3363 2058 3414 et
2101 3354 2426 3414 inferentis
2473 3354 2747 3416 Abbates

287 3461 706 3522 absolucionis
768 3460 1139 3522 beneficium
1200 3463 1592 3540 assequatur,
1653 3459 1852 3518 eciam
1915 3458 1966 3518 si
2022 3478 2233 3518 eorum
2295 3459 2487 3538 aliqui
2543 3459 2746 3538 prius-

286 3586 472 3645 quam
546 3565 831 3626 habitum
908 3567 1299 3644 perciperent
1382 3563 1725 3642 regularem
1807 3564 1932 3622 tale
2007 3564 2242 3643 aliquid
2318 3563 2745 3624 commiserint

286 3677 537 3750 propter
578 3669 746 3750 quod
787 3670 923 3747 ipso
966 3675 1111 3728 actu
1155 3666 1828 3727 excommunicacionis
1878 3667 2265 3726 sentenciam
2313 3667 2742 3739 incurrissent,

290 3776 410 3835 nisi
467 3793 761 3834 excessus
819 3793 1033 3833 eorum
1095 3779 1259 3832 esset
1319 3771 1584 3832 difficilis
1644 3778 1707 3831 et
1767 3771 2059 3841 enormis,
2115 3777 2331 3849 utpote
2374 3771 2452 3832 ad
2494 3772 2744 3832 mutila-

287 3880 529 3940 cionem
588 3879 849 3939 membri
897 3878 997 3938 vel
1054 3878 1377 3956 sanguinis
1434 3877 1800 3936 effusionem
1859 3895 2220 3955 processum
2277 3896 2357 3936 au
2379 3879 2449 3955 [t]
2486 3879 2726 3955 [manu]

284 4012 560 4072 violenta
614 4011 678 4069 in
736 4009 1120 4088 Episcopum
1178 4008 1277 4068 vel
1332 4008 1635 4068 Abbatem
1693 4008 1930 4086 injecta
2020 4053 2032 4068 .
2133 4053 2146 4066 .
2489 4009 2526 4067 ‚¹
2601 4026 2743 4066 cum

283 4111 613 4170 processus
658 4091 776 4150 hiis
818 4090 1053 4149 similes
1096 4093 1231 4148 sine
1276 4089 1575 4170 scandalo
1620 4099 1936 4168 nequeant
1981 4053 2286 4166 preteriri.
2370 4053 2444 4148 'Si
2490 4107 2635 4148 vero
2677 4089 2744 4147 in

284 4198 542 4258 clericos
585 4197 897 4256 seculares
950 4214 1175 4255 manus
1224 4194 1555 4272 injecerint
1606 4213 1718 4272 pro
1762 4193 2020 4254 vitando
2061 4193 2358 4272 pericu10,
2405 4194 2744 4253 mittantur

285 4303 367 4364 ad
426 4303 649 4362 Sedem
709 4301 1135 4379 Apostolicam
1194 4299 1596 4370 absolvendi,
1663 4299 1845 4358 villas
1905 4310 2118 4358 autem
2176 4300 2241 4357 in
2298 4298 2523 4377 quibus
2581 4297 2746 4358 bona

284 4409 549 4469 fratrum
607 4408 1031 4486 predictorum
1090 4407 1186 4467 vel
1244 4407 1569 4465 hominum
1617 4425 1872 4465 suorum
1917 4425 2027 4485 per
2069 4405 2439 4464 violenciam
2484 4405 2743 4465 detenta

283 4515 535 4586 fuerint,
581 4514 879 4594 quamdiu
936 4513 1019 4573 ibi
1064 4521 1233 4584 sunt,
1286 4512 1601 4572 interdicti
1646 4513 1965 4572 sentencie
2022 4513 2416 4590 supponatis.
2503 4513 2744 4572 Datum

285 4621 587 4699 Anagnie,
676 4666 689 4681 .
780 4665 794 4680 .
885 4621 923 4678 ‚¹
986 4619 1378 4689 Novembris,
1425 4618 1838 4678 Pontificatus
1883 4619 2079 4677 nostri
2123 4636 2288 4677 anno
2332 4627 2530 4677 sext0.

992 4753 1209 4793 l—There
1236 4763 1317 4793 are
1344 4753 1455 4793 here
1480 4751 1737 4793 omissions
1763 4752 1812 4792 in
1838 4753 1920 4793 the
1949 4753 2049 4794 MS.
