3459 5617
1222 535 1523 617 Episcopi
1577 532 2059 615 Herefordemis.
2751 531 2870 593 307

416 767 615 828 Adam
658 765 735 826 de
777 766 1171 843 Wygemore,
1202 761 1280 822 ad
1322 760 1577 821 titulum
1620 778 1809 840 quem
1851 757 2040 818 habet
2080 756 2143 817 in
2190 756 2537 827 Lodelawe,
2580 775 2656 816 ex
2697 753 2873 816 testi-

819 869 1033 932 monio
1072 867 1503 949 plurimorum.

310 1044 333 1065 ·
418 980 461 1041 J
463 979 745 1041 ohannes
785 979 863 1039 de
906 976 1249 1054 Bosebury,
1292 974 1371 1034 ad
1412 972 1952 1053 presentaeionem
1994 969 2226 1031 Vioarii
2266 968 2386 1030 loci
2429 968 2728 1048 ejusdem.

138 4186 231 4227 Fol.
259 4184 355 4227 seb.

418 1086 699 1165 Rogems
758 1083 837 1144 de
894 1082 1256 1160 Alberbury‚
1298 1080 1544 1159 juratus
1603 1096 1792 1157 super
1845 1076 2031 1138 titulo
2087 1095 2274 1156 quem
2329 1074 2519 1135 habet
2573 1094 2649 1134 ex
2703 1072 2878 1135 testi-

822 1206 1051 1248 monio.

412 1296 688 1357 Thomas
730 1294 807 1354 de
848 1293 1063 1355 Clune.

402 1403 465 1464 -J
467 1402 748 1463 ohannes
790 1401 867 1460 de
910 1398 1195 1469 Newent,
1240 1397 1321 1456 ad
1360 1394 1902 1476 presentaoionem
1942 1391 2174 1454 Vioarii
2216 1393 2293 1453 de
2337 1391 2841 1454 Chirchhomms.

428 1508 619 1587 Hugo
662 1508 739 1567 de
783 1505 1151 1575 Stauntone,
1192 1503 1437 1583 juratus
1479 1521 1668 1581 super
1708 1500 1895 1561 titulo
1935 1498 2286 1561 sufficienti.

426 1612 735 1675 Radulius
775 1613 853 1672 de
894 1609 1240 1680 Bodeham‚
1281 1608 1545 1688 juratus.

424 1719 466 1780 J
467 1719 749 1780 ohannes
790 1718 866 1777 de
910 1715 1121 1777 Clone.

430 1821 749 1883 Walterus
791 1820 869 1881 de
911 1817 1234 1889 Wenloke,
1278 1818 1356 1877 ad
1397 1816 1938 1896 presentacionem
1979 1815 2214 1876 Prioris
2255 1816 2332 1875 de
2373 1814 2695 1875 Wenloko.

426 1927 781 1989 Willelmus
824 1926 901 1987 de
942 1925 1318 1996 Bedestone,
1359 1924 1605 2003 juratus
1648 1942 1836 2002 super
1875 1923 2062 1984 titulo
2103 1922 2481 2002 patrimonii.

424 2032 756 2111 Philippus
797 2032 875 2091 de
920 2030 1151 2091 Sancto
1193 2028 1499 2089 Brevello.

428 2137 787 2217 Stephanus
828 2137 906 2196 ds
949 2136 1154 2215 Hope,

425 2243 733 2304 Ricardus
774 2243 851 2303 de
893 2242 1383 2321 Eytonemeysy.

426 2348 745 2410 walterus
788 2349 864 2408 de
908 2347 1327 2408 Soeldertone.

428 2453 657 2515 Petrus
699 2454 776 2515 de
819 2453 1161 2533 Broobury.

428 2559 753 2620 «Iohannes
795 2559 871 2619 de
914 2558 1209 2620 Gardino.

428 2665 712 2745 Bogerus
754 2666 831 2725 de
873 2664 1293 2745 Penebrugge.

426 2898 571 2961 Dec.
615 2898 1175 2961 17.—Ordination
1215 2906 1283 2961 at
1331 2899 1746 2960 Whitbourm.

602 3042 1512 3103 Onnmn1.—Memorandum
1540 3042 1709 3122 quod
1737 3042 1838 3103 die
1869 3041 2124 3104 Sabbati
2151 3042 2435 3122 proximo
2461 3047 2610 3103 ante
2637 3042 2898 3103 Festum

438 3146 624 3210 Beati
680 3147 918 3208 Thome
974 3146 1259 3228 Apostoli
1314 3148 1625 3209 ordinavit
1680 3148 1996 3209 Dominus
2051 3147 2217 3228 apud
2274 3148 2662 3227 Wyteburne
2713 3167 2899 3227 quos-

438 3252 581 3313 dam
637 3252 889 3314 Fratres
946 3252 1226 3314 Minores
1282 3253 1360 3314 ds
1408 3254 1751 3333 Wygornia
1805 3258 1870 3315 et
1925 3253 2124 3315 eciam
2172 3254 2252 3315 ds
2299 3252 2688 3325 Herefordia,
2731 3253 2898 3314 vide-

438 3358 583 3419 licet
624 3364 930 3438 quatuor:
980 3363 1045 3419 et
1085 3359 1245 3420 duos
1286 3360 1628 3421 monachos
1670 3360 1750 3421 de
1792 3358 2114 3431 Wenloks,
2157 3366 2222 3420 st
2263 3359 2461 3420 eciam
2532 3400 2898 3421 .....

442 3461 518 3523 de
574 3462 921 3542 Chanseye,
964 3462 1029 3522 in
1085 3463 1437 3535 diaconum,
1486 3484 1599 3543 per
1645 3464 1888 3525 litteras
1937 3463 2324 3526 dimissorias
2371 3463 2628 3525 Domini
2689 3462 2898 3525 Saros·

438 3567 747 3639 hiriensis,
791 3588 947 3649 quas
990 3568 1287 3641 exhibuit,
1318 3574 1383 3630 et
1424 3570 1503 3630 ad
1544 3570 1921 3631 instanciam
1964 3570 2246 3649 magistri
2290 3570 2476 3651 A[de]
2521 3571 2600 3630 de
2642 3569 2897 3648 Fyleby.

442 3671 606 3733 Item
650 3678 803 3733 tune
844 3671 1169 3733 ordinatus
1219 3672 1337 3734 fuit
1378 3673 1736 3735 Willelmus
1776 3675 1854 3735 de
1896 3674 2230 3754 Maroleye,
2276 3674 2508 3734 Rector
2547 3674 2626 3734 ds
2667 3672 2900 3753 Pykes·

436 3779 573 3859 lsys
615 3780 680 3839 in
721 3779 1222 3859 presbiteratum,
1263 3799 1382 3841 neo
1422 3779 1633 3859 plures
1674 3780 1986 3841 ordinavit
2025 3780 2274 3841 ibidem.

436 4014 600 4075 Mar.
643 4013 1285 4075 1279.—-Ordination
1321 4021 1391 4075 at
1430 4014 1697 4075 Newent.

603 4158 879 4219 Nomina.
920 4159 1348 4220 ordinatorum
1390 4161 1557 4239 apud
1600 4160 1869 4221 Nswent
1923 4164 2071 4221 ante
2112 4158 2374 4230 Pascha,
2417 4177 2585 4219 anno
2625 4156 2904 4219 Domino

436 4262 868 4325 M⁶CC⁰LXX⁰
908 4270 1147 4326 octavo.

598 4407 972 4467 Aconum—-

439 4524 753 4585 Robertus
812 4523 889 4585 ds
950 4524 1225 4595 Henore,
1270 4524 1461 4604 Hugo
1518 4526 1595 4588 de
1655 4527 1954 4598 Lootone,
1997 4526 2315 4587 Walterus
2371 4525 2450 4586 de
2508 4524 2899 4603 Thornbury,

440 4629 761 4692 walterus
810 4630 887 4691 de
937 4630 1319 4710 Hamptone,
1364 4631 1709 4693 Nioholaus
1765 4632 1842 4693 de
1899 4632 2094 4703 Dene,
2137 4632 2444 4692 Ricardus
2483 4632 2562 4691 de
2610 4630 2899 4691 Bromes-

442 4736 698 4817 burghe,
750 4736 1103 4797 Willelmus
1147 4738 1223 4797 de
1265 4738 1592 4817 Alvytone,
1636 4738 1944 4800 Radulfus
1992 4739 2070 4800 do
2112 4737 2457 4817 Ledebury,
2508 4737 2780 4799 Thomas
2825 4738 2904 4799 de

444 4843 810 4913 Hereforde,
855 4842 1209 4904 Willelmus
1263 4844 1340 4904 de
1394 4844 1770 4923 Rowardyn,
1814 4844 2132 4906 Walterus
2173 4845 2250 4905 de
2290 4845 2504 4923 Wyse,
2549 4842 2902 4904 Willslmus

446 4949 701 5020 Mustel,
767 4948 1119 5010 Willelmus
1190 4949 1266 5010 de
1334 4948 1395 5009 la
1451 4950 1659 5011 Petite
1717 4951 1916 5021 Dens,
1979 4950 2039 5011 N
2043 4949 2322 5011 ioholaus
2385 4949 2462 5009 de
2530 4947 2903 5028 Tybertone,
