3459 5617
665 522 786 582 200
1326 522 1681 601 Reqistrwm
1739 523 1957 584 Thome
2010 524 2084 584 de
2142 523 2472 603 Cantilupo

668 747 870 818 debet,
915 754 986 807 ut
1029 748 1192 809 idem
1235 749 1414 810 Prior
1455 749 1624 820 dicit,
1665 749 1828 809 sicut
1870 749 2329 810 racionabiliter
2369 754 2719 810 monstrare
2760 748 2926 828 petit
2966 747 3133 827 quod

669 851 814 913 inde
862 853 1237 932 respondere
1285 854 1487 915 debet.
1600 855 1688 914 Et
1736 854 1968 915 habeas
2017 854 2100 914 ibi
2150 860 2305 914 tunc
2349 855 2467 914 hoc
2508 853 2712 914 breve.
2824 853 3017 914 Teste
3057 853 3130 912 R.

668 961 746 1021 de
796 958 1135 1019 Nortwode
1183 959 1350 1038 apud
1393 959 2045 1029 westmonasterium,
2090 959 2193 1038 xxj
2240 959 2340 1019 die
2394 959 2434 1018 J
2436 959 2697 1029 anuarii,
2740 979 2911 1018 anno
2960 957 3133 1037 regni

665 1066 867 1126 nostri
923 1065 1210 1144 septimo,

367 1327 463 1368 ¹²0¹·
491 1328 554 1366 ⁵⁷·
678 1320 800 1381 The
842 1319 1078 1399 Bishop
1117 1319 1320 1380 writes
1365 1326 1423 1380 to
1467 1319 1563 1380 the
1601 1319 1780 1379 Nuus
1819 1319 1889 1398 of
1917 1317 2305 1396 Lynqebroke
2346 1325 2403 1378 to
2440 1338 2678 1398 express
2720 1318 2817 1378 his
2846 1319 3133 1398 pleasure

912 1408 979 1462 at
1035 1401 1134 1461 the
1188 1400 1320 1461 zeal
1373 1400 1499 1460 and
1557 1399 1758 1478 lovinq
1812 1399 2007 1460 anion
2058 1401 2129 1479 of
2160 1399 2362 1459 which
2405 1399 2477 1460 he
2503 1400 2709 1478 found
2748 1399 3029 1460 evidence
3066 1406 3131 1460 at

917 1481 1013 1542 his
1081 1481 1416 1542 Visitation
1461 1481 1532 1560 of
1583 1480 1741 1540 their
1794 1480 2059 1540 Convent
2078 1501 2101 1550 ,·
2170 1479 2239 1540 he
2287 1479 2527 1540 exhorts
2579 1481 2739 1541 them
2788 1487 2845 1540 to
2894 1481 3132 1541 observe

915 1561 1074 1622 their
1127 1582 1286 1622 vows
1342 1561 1468 1622 and
1527 1561 1623 1621 the
1677 1561 1811 1621 rule
1858 1560 1929 1640 of
1966 1559 2124 1621 their
2170 1561 2406 1630 Order;
2476 1567 2532 1620 to
2578 1560 2742 1626 limit
2785 1561 3129 1622 themselves

911 1643 1153 1720 strictly
1212 1649 1268 1702 to
1334 1642 1430 1702 the
1481 1641 1698 1720 fittinq
1760 1661 1895 1702 uses
1958 1641 2027 1720 of
2081 1641 2560 1720 chapter-house,
2622 1641 2979 1719 domim,
3042 1661 3129 1702 re·

900 1725 1154 1802 fectory,
1219 1722 1562 1801 infimary,
1625 1722 1751 1782 and
1813 1721 2055 1782 cloister
2074 1743 2097 1791 ,·
2172 1729 2229 1782 to
2287 1741 2385 1799 90ν
2419 1722 2647 1800 beyond
2705 1722 2803 1782 the
2863 1723 3131 1782 Convent

912 1804 1224 1882 buildinqs
1281 1803 1422 1881 only
1481 1802 1555 1863 in
1608 1824 1743 1863 case
1797 1805 1867 1883 of
1914 1810 2128 1880 urqent
2173 1803 2319 1862 need
2360 1823 2430 1862 or
2468 1803 2695 1862 solemn
2727 1803 3127 1883 processivas.

916 1885 1040 1945 The
1095 1885 1482 1945 work-rooms
1542 1883 1763 1945 should
1826 1884 1890 1944 be
1952 1883 2177 1943 visited
2239 1883 2380 1961 only
2437 1882 2511 1960 by
2572 1883 2735 1944 those
2788 1883 2923 1943 who
2984 1883 3130 1944 have

909 1965 1110 2026 duties
1171 1965 1348 2034 there,
1392 1965 1518 2025 and
1565 1971 1670 2024 ‘not
1717 1984 1861 2024 even
1890 1964 1964 2041 by
2019 1963 2176 2024 them
2222 1964 2755 2042 unaccompam‘ed.
2874 1964 3130 2024 Private

903 2054 1367 2187 {5:2222335122232‘5
1375 2052 1555 2186 ‘³222‘
1599 2044 2234 2205 ''5032‘22‘330332'2722'22‘
2266 2045 2664 2205 sm}
2676 2045 3131 2186 mmm

910 2228 1019 2286 αρε
1059 2215 1221 2268 must
1261 2214 1366 2268 ‘not
1410 2207 1475 2267 be
1515 2147 1783 2267 reci'eived
1824 2228 1893 2266 as
1945 2171 2245 2266 boardcrs.
2362 2206 2515 2266 Care
2562 2205 2783 2267 should
2832 2207 2899 2266 be
2930 2145 3130 2266 'zaken

909 2289 979 2348 in
1035 2289 1131 2349 the
1187 2288 1388 2348 choice
1441 2288 1511 2366 of
1558 2288 1844 2348 domestic
1900 2294 2191 2356 servants,
2249 2287 2376 2346 and
2442 2287 2786 2366 Confessors
2842 2293 3007 2346 must
3064 2287 3129 2347 be

909 2390 1045 2430 men
1085 2370 1155 2449 of
1196 2368 1539 2447 exemplary
1581 2368 1913 2428 character.

834 2518 1123 2577 er'rnRA
1187 2517 1604 2575 MomAmBos
1667 2533 1755 2574 ms
1828 2515 2272 2574 Lmennnoxn
2338 2514 3126 2584 TRANsmssA.—ThomaS,

668 2627 806 2692 etc„
881 2621 1040 2681 caris
1110 2620 1354 2680 filiabus
1395 2621 1490 2704 ..in
1566 2619 1835 2690 Christo,
1910 2619 2213 2679 Priorisse
2282 2624 2346 2678 et
2416 2618 2995 2679 sanctimonialibus
3063 2619 3127 2677 in

666 2726 943 2789 Genobio
981 2728 1057 2787 de
1101 2725 1508 2805 Lyngebroke
1551 2725 1688 2785 Deo
1723 2724 2157 2794 servientibus,
2188 2744 2299 2803 per
2332 2725 2700 2803 temporalia
2738 2724 2828 2784 sic
2864 2725 3127 2784 transire

665 2839 738 2894 ut
793 2832 1164 2912 pertingatis
1220 2837 1452 2892 eterna.
1538 2831 1825 2909 Regnum
1870 2830 2162 2900 celorum,
2208 2829 2639 2890 mansionibus
2680 2830 2896 2890 multis
2944 2831 3125 2910 (teste

665 2941 968 3018 Veritate)
1015 2939 1400 3006 distinctum,
1460 2936 1536 2996 de
1595 2937 1714 2996 hoc
1779 2936 1987 2996 seculo
2046 2955 2315 3014 nequam
2376 2935 2455 2994 ad
2509 2935 2788 2995 diversos
2846 2937 3125 2996 tramites

666 3036 1018 3116 penitencie
1061 3035 1374 3104 salientes,
1406 3040 1593 3113 atque
1636 3039 1813 3093 extra
1856 3032 2073 3091 mundi
2117 3033 2404 3110 contagia
2439 3051 2549 3110 per
2584 3033 2789 3092 varias
2822 3033 3125 3092 virtutum

667 3142 926 3202 semitas
980 3141 1334 3220 gradientes
1391 3141 1466 3199 de
1521 3139 1893 3217 penitencia,
1938 3137 2116 3217 quasi
2172 3138 2249 3197 de
2304 3137 2615 3206 torculari,
2661 3137 2779 3198 sibi
2835 3139 3123 3216 exprimit

665 3253 731 3308 et
779 3247 1011 3326 colligit
1058 3247 1362 3316 meliores,
1414 3245 1811 3305 mansionum
1862 3243 2187 3304 celestium
2243 3243 2642 3303 tabernacula
2698 3244 3123 3322 multiplicatis

667 3353 1049 3433 premiorum
1108 3351 1438 3430 stipendiis
1499 3351 1906 3429 ingressuros.
2018 3348 2197 3409 Inter
2254 3368 2411 3427 quos
2470 3349 2769 3408 Ordinem
2829 3357 3117 3419 vestrum,

666 3471 704 3512 a
759 3451 891 3510 viro
961 3449 1088 3510 vite
1158 3455 1221 3509 et
1277 3448 1596 3509 literature
1661 3446 1978 3517 mirabilis,
2039 3445 2407 3525 Augustino,
2465 3452 2839 3524 cooperante
2898 3447 3119 3507 Sancto

670 3556 908 3635 Spiritu
955 3554 1337 3625 institutum,
1383 3559 1560 3613 tanto
1610 3553 1831 3631 majori
1881 3551 2297 3612 sanctimonia
2354 3552 2763 3612 muniendum
2813 3573 2950 3613 esse
2990 3573 3116 3632 per-

669 3662 970 3741 spicimus
1026 3666 1261 3740 quanto
1317 3680 1447 3729 VOS,
1498 3679 1618 3739 que
1674 3659 1738 3717 in
1796 3679 1870 3718 eo
1926 3658 2135 3718 vivitis
2193 3664 2255 3718 et
2312 3658 2465 3718 estis
2520 3657 2815 3736 professe,
2874 3667 3119 3738 propter

671 3787 859 3828 sexus
929 3765 1326 3845 fragilitatem
1397 3765 1592 3824 lacius
1662 3764 1815 3823 estis
1894 3763 2177 3841 exposite
2259 3763 2503 3824 insidiis
2586 3764 2788 3825 hostis
2867 3766 3115 3845 antiqui.

670 3871 960 3933 Profecto
1029 3892 1156 3931 non
1225 3870 1513 3931 incidetis
1581 3870 1645 3928 in
1709 3889 1815 3929 eas
1876 3870 1927 3929 si
1991 3869 2354 3948 perfectam¹
2414 3869 2858 3942 obedienciam,
2917 3892 3119 3932 veram

672 3984 1106 4058 paupertatem
1149 3983 1213 4037 et
1254 3976 1623 4037 castimonie
1663 3977 2021 4054 puritatem,
2066 3977 2201 4035 sine
2243 3976 2470 4054 quibus
2512 3976 2576 4034 in
2620 3976 2919 4055 religione
2958 3978 3119 4038 salus

670 4103 808 4144 esse
865 4103 992 4143 non
1045 4088 1273 4161 potest,
1317 4101 1562 4141 necnon
1620 4087 1684 4141 et
1740 4081 2042 4160 quasdam
2099 4081 2404 4141 salutares
2460 4080 2915 4154 observancias,
2972 4103 3120 4162 quas

671 4188 751 4248 ad
807 4187 1304 4248 conversacionis
1359 4193 1564 4248 vestre
1621 4187 1907 4247 decorem
1964 4187 2125 4246 infra
2181 4187 2541 4257 subicimus,
2586 4208 2730 4247 cum
2779 4188 2942 4249 bone
2983 4210 3120 4250 con-

673 4294 940 4355 sciencie
989 4293 1347 4353 testimonio
1404 4293 1589 4352 alacri
1647 4293 1855 4352 studio
1904 4292 2233 4371 peragatiS,
2290 4313 2327 4352 a
2383 4293 2547 4352 malo
2602 4299 2666 4353 et
2721 4294 2933 4372 specie
2980 4294 3121 4354 mali

670 4400 947 4479 qualibet
1010 4399 1414 4460 abstinentes
1525 4399 1655 4460 Vos
1717 4398 1907 4476 igitur
1968 4400 2104 4458 Deo
2169 4399 2314 4459 date
2375 4419 2514 4477 que,
2571 4398 2955 4478 abnegantes
3016 4421 3122 4461 vos

672 4505 841 4583 ipsas
886 4511 949 4564 et
997 4505 1436 4566 renunciantes
1492 4504 1720 4574 seculo,
1779 4503 2012 4564 Christi
2069 4503 2329 4564 servicio
2376 4523 2488 4564 vos
2535 4511 2839 4583 perpetuo
2898 4506 3121 4565 manci·

670 4609 886 4687 pastis,
928 4609 1098 4668 omni
1137 4609 1421 4669 custodia
1448 4627 1560 4668 vos
1599 4627 1845 4668 servare
1884 4608 2141 4678 debetis,
2172 4613 2235 4667 et
2274 4612 2487 4686 portas
2526 4628 2781 4668 sensum
2820 4609 3119 4679 obserare,

669 4735 750 4775 ne
791 4735 1086 4793 umquam
1134 4714 1428 4774 introitus
1469 4719 1682 4792 pateat
1725 4715 1997 4792 maligno
2040 4713 2287 4792 spiritui
2330 4733 2404 4773 ex
2448 4733 2572 4792 quo
2605 4713 2783 4774 vobis
2820 4721 2932 4774 aut
2969 4716 3117 4784 aliis,

668 4823 735 4880 in
785 4840 1116 4900 pravorum
1166 4820 1610 4880 desideriorum
1639 4821 1888 4889 ardore,
1932 4820 2030 4880 vel
2073 4820 2297 4880 saltem
2337 4820 2457 4880 levi
2500 4819 2902 4898 cogitacione,
2944 4821 3121 4882 detur

1643 4956 1771 4995 1———1n
1800 4956 1900 4996 MS.
1930 4953 2207 5002 profectam.
