3459 5617
602 492 721 552 270
1244 490 1599 568 Reyistrum
1655 492 1876 553 Tho-me
1929 494 2003 554 dc
2061 494 2392 575 Cantibupo

600 713 847 786 dicitur,
886 714 1067 775 nobis
1114 734 1317 794 nuper
1370 734 1549 775 suam
1599 716 1932 795 epistolam
1973 718 2462 791 transmittente,
2505 719 2624 781 sibi
2665 740 2779 799 per
2817 721 3070 783 litteras

600 826 850 882 nostras
898 820 1429 899 respondebamus
1469 827 1657 903 prout
1704 822 1887 884 nobis
1928 822 2134 885 visum
2186 828 2328 905 [est]
2373 828 2880 905 respondendum
2931 828 3070 892 fore

602 926 679 986 de
731 926 869 1005 jure
932 927 1067 989 sine
1128 926 1471 1007 prejudicio
1533 928 1854 991 sentencie
1911 930 2224 1003 melioris;
2288 932 2468 1013 cujus
2536 934 2824 1013 responsi
2891 940 3066 997 tran·

600 1031 903 1112 scriptum
945 1032 1205 1093 inferius
1247 1034 1640 1105 continetur;
1692 1035 2065 1097 mandantes
2105 1036 2284 1099 vobis
2325 1038 2622 1117 quatinus
2664 1046 3064 1119 sequestrum

599 1141 665 1201 et
734 1138 1415 1201 excommunicaciones
1484 1159 1640 1219 quas
1708 1140 1944 1201 tulistis
2013 1142 2220 1203 solum
2277 1150 2534 1224 propter
2603 1146 3064 1208 ammocionem

598 1244 834 1306 Prioris
879 1246 1337 1317 Leoministrie,
1368 1251 1439 1307 ut
1479 1246 1764 1318 refertur,
1793 1247 1848 1308 si
1889 1248 1980 1309 ita
2013 1247 2218 1321 fuerit,
2258 1250 2582 1323 revocetiS‚
2613 1250 2668 1311 si
2705 1252 3064 1330 predictum

596 1350 879 1411 Priorem
920 1352 1177 1412 reducat
1226 1350 1291 1411 in
1332 1352 1671 1432 pristinum
1720 1356 1997 1425 statum;
2054 1355 2223 1434 quod
2270 1355 2326 1416 si
2373 1356 2576 1417 iacere
2625 1357 2745 1419 hoc
2792 1365 3062 1433 recuset,

596 1475 817 1517 omnes
860 1476 1081 1517 causas
1123 1458 1431 1537 sequestri
1472 1463 1536 1518 et
1584 1459 2307 1521 excommunicacionum
2341 1466 2709 1533 vestrarum,
2752 1463 2954 1536 nobis,
3005 1465 3064 1527 si

597 1561 803 1623 dictus
833 1561 1041 1623 Abbas
1084 1581 1229 1643 erga
1270 1583 1381 1623 vos
1423 1563 1635 1634 instet,
1677 1583 1790 1645 per
1831 1564 2029 1644 ipsius
2069 1565 2374 1626 nuncium
2411 1568 2728 1629 nunciatis
2761 1568 3068 1631 distincte

592 1667 830 1747 pariter
871 1672 934 1729 et
976 1673 1207 1747 aperte.
1296 1668 1361 1731 Si
1402 1689 1549 1730 vero
1598 1690 1808 1731 coram
1851 1676 2068 1733 nostro
2111 1672 2361 1735 Vicario
2401 1673 2738 1753 procedere
2770 1675 3060 1749 voluerit,

594 1773 801 1853 placet
842 1774 1041 1835 nobis.
1125 1760 1421 1843 Valeatis.
1507 1776 1745 1835 Datum
1787 1777 1953 1856 apud
1997 1777 2336 1847 Fontanas‚
2371 1779 2453 1859 vij
2501 1780 2819 1842 Kalendas
2860 1782 2900 1842 J
2901 1783 3060 1854 unii,

594 1900 761 1941 anno
803 1881 1079 1951 Domini,
1121 1884 1260 1951 etc„
1304 1881 1578 1940 LXXX⁰
1622 1882 1906 1961 [primo].

592 2108 804 2171 Lotter
846 2116 904 2169 ιο
950 2109 1047 2171 the
1086 2110 1281 2171 Abbot
1321 2111 1393 2189 of
1424 2110 1727 2189 Readinq,
1773 2111 2100 2191 appcalinq
2145 2120 2202 2173 ιο
2246 2112 2378 2173 him
2416 2114 2490 2175 in
2531 2116 2630 2177 the
2671 2118 2950 2179 interest-5
2992 2120 3068 2199 os

830 2210 1030 2270 peace,
1077 2197 1134 2252 ιο
1174 2210 1405 2251 remove
1432 2192 1602 2271 from
1644 2192 1804 2269 office
1853 2192 1952 2253 the
1998 2193 2178 2253 mo‘nk
2217 2194 2351 2255 who
2395 2195 2450 2255 is
2495 2196 2593 2257 the
2631 2218 2811 2259 cause
2851 2204 2917 2277 os
2958 2200 3057 2261 the

836 2270 935 2331 dis
1026 2278 1097 2331 tc.
1182 2270 1437 2349 Failinq
1481 2272 1614 2331 that
1659 2272 1737 2332 let
1781 2271 1910 2332 him
1946 2274 2094 2333 send
2125 2274 2528 2353 particulam,
2559 2298 2628 2337 as
2673 2278 2771 2339 the
2816 2280 3062 2358 official

835 2351 921 2411 wi
948 2351 969 2410 l
1008 2352 1085 2412 do
1126 2372 1206 2412 on
1248 2351 1345 2413 his
1386 2351 1535 2422 side,
1569 2360 1626 2413 ιο
1670 2353 1768 2413 the
1801 2353 1996 2414 Bisho
2058 2376 2081 2424 ,·
2125 2374 2194 2415 or
2234 2355 2303 2416 he
2339 2375 2458 2416 can
2490 2357 2668 2436 brinq
2703 2358 2800 2420 the
2833 2368 3058 2422 mtter-

836 2432 1030 2512 bcso‘re
1074 2433 1172 2494 the
1222 2432 1712 2505 Vicar-General‚
1741 2434 1875 2495 who
1915 2375 2048 2495 ωίῗῑ
2086 2434 2163 2496 do
2194 2434 2442 2514 justice.

754 2576 1003 2636 Asm'rr
1050 2576 1710 2637 Rmmo1m.—Abbati
1759 2577 2064 2658 Radingie
2119 2580 2407 2641 salutem.
2501 2582 2681 2643 Licet
2722 2584 2902 2645 vobis
2943 2591 3057 2645 aut

588 2682 929 2763 privilegiis
976 2682 1202 2743 vestris
1249 2682 1662 2761 prejudicium
1717 2682 1921 2743 facere
1969 2704 2292 2765 nunquam
2341 2685 2407 2745 in
2457 2692 2668 2748 mente
2717 2688 3056 2752 habuimus

589 2789 688 2850 vel
736 2790 1074 2859 habemus;
1132 2808 1293 2867 equa
1341 2793 1553 2849 tamen
1601 2788 1760 2848 libra
1808 2790 2046 2849 factum
2095 2790 2394 2852 Officialis
2437 2792 2635 2853 nostri
2679 2794 2816 2855 sine
2864 2816 3056 2857 cause

588 2896 951 2977 cognicione
998 2915 1124 2957 non
1175 2895 1473 2956 debemus
1520 2894 1613 2975 (ut
1662 2895 1887 2975 nostis)
1940 2895 2019 2956 ad
2075 2896 2338 2976 alicujus
2387 2897 2854 2977 suggestionem
2903 2900 3052 2961 sim·

588 3004 814 3085 plicem
874 3004 1151 3065 totaliter
1210 3023 1517 3064 revocare.
1618 3004 1712 3065 Ut
1771 3003 1958 3083 igitur
2015 3004 2263 3083 utrique
2321 3005 2504 3085 parti,
2554 3007 2854 3085 quatinus
2914 3009 3052 3071 sine

584 3111 742 3191 juris
797 3110 1039 3172 offensa
1093 3110 1457 3189 poterimus,
1505 3109 1883 3189 placeamus,
1940 3116 2214 3171 vestram
2269 3111 2598 3171 caritatem
2652 3112 2718 3171 in
2776 3113 3054 3175 Domino

586 3218 994 3296 deprecamur
1034 3216 1348 3296 quatinus,
1384 3220 1640 3295 propter
1680 3215 1916 3277 bonum
1957 3215 2131 3295 pacis
2173 3216 2340 3295 quod
2367 3217 2689 3290 vellemus,
2721 3220 2954 3291 sciatis,
2985 3227 3052 3283 et

585 3344 699 3385 vos
747 3322 905 3383 velle
952 3322 1210 3393 debetis,
1263 3322 1591 3382 materiam
1634 3322 1847 3382 licium
1896 3327 2268 3393 resecantes,
2316 3324 2697 3385 monachum
2745 3332 3046 3397 vestrum,

582 3428 835 3490 racione
890 3428 1070 3508 cujus
1124 3432 1338 3487 exorta
1392 3431 1489 3488 est
1537 3427 1653 3487 hec
1695 3426 2003 3488 dissensio
2051 3448 2240 3507 quam
2282 3429 2649 3500 mandastis,
2706 3430 2914 3493 velitis
2969 3432 3046 3492 ad

585 3541 825 3597 statum
858 3534 1193 3614 pristinum
1228 3553 1536 3604 revocare,
1564 3553 1766 3613 usque
1807 3533 1887 3593 ad
1928 3533 2267 3594 adventum
2304 3540 2593 3595 nostrum
2626 3535 2690 3594 in
2722 3535 3044 3616 Angliam;

585 3640 753 3720 quod
802 3640 921 3700 erit
968 3638 1035 3698 in
1082 3639 1273 3709 brevi,
1324 3638 1598 3699 Domino
1646 3639 2045 3699 concedente.
2131 3639 2312 3713 Quod
2354 3640 2407 3700 si
2457 3639 2660 3702 facere
2701 3641 3041 3716 volueritis,

584 3745 851 3807 Officiali
892 3749 1108 3806 nostro
1158 3744 1530 3807 mandamus
1572 3744 1738 3824 quod
1780 3744 1990 3805 omnia
2032 3764 2154 3824 que
2194 3749 2414 3806 contra
2454 3766 2568 3807 vos
2609 3752 2673 3807 et
2715 3747 3041 3810 ecclesiam

583 3857 859 3913 vestram
892 3850 1361 3930 attemptaverit
1418 3896 1727 3911 .....
1733 3853 1751 3886 ¹
1793 3857 2041 3913 revocet
2081 3850 2358 3911 indilate.
2443 3852 2530 3911 Et
2572 3852 2626 3912 si
2663 3853 2835 3913 istud
2870 3854 3043 3916 vobis

584 3976 712 4017 non
768 3955 1013 4036 placeat
1068 3974 1531 4034 usquequaque,
1588 3955 1790 4015 eidem
1848 3955 2113 4017 Officiali
2169 3960 2404 4017 nostro,
2444 3956 2561 4017 sub
2616 3956 3042 4036 disjunccione

582 4061 957 4121 mandamus
1005 4060 1173 4140 quod
1220 4080 1440 4121 causas
1482 4061 1789 4140 sequestri
1832 4066 1896 4121 et
1937 4061 2660 4123 excommunicacionum
2709 4064 2776 4123 in
2818 4066 3044 4127 vestris

582 4167 764 4229 nobis
819 4166 1031 4227 missis
1085 4165 1311 4227 litteris
1368 4171 1806 4227 contentarum
1847 4167 2027 4228 nobis
2069 4168 2368 4229 rescribat
2408 4189 2522 4250 per
2561 4177 2844 4231 vestrum
2886 4193 3040 4233 nun·

584 4272 751 4332 cium
797 4272 849 4332 si
892 4269 1117 4341 velitis,
1160 4289 1395 4350 vosque
1436 4270 1501 4328 in
1551 4270 1669 4330 hac
1711 4291 1900 4332 causa
1941 4272 1995 4331 si
2037 4272 2324 4351 expedire
2365 4271 2664 4344 videritis,
2707 4294 2822 4353 pro
2865 4282 3042 4355 parte

583 4382 791 4437 vestra
831 4376 1012 4437 nobis
1054 4376 1342 4447 mittatis,
1388 4396 1514 4435 una
1556 4396 1697 4435 cum
1742 4374 1892 4436 dicti
1943 4376 2240 4438 Officialis
2282 4397 2602 4456 responso,
2645 4399 2767 4457 que
2811 4380 3042 4442 fuerint

583 4480 1087 4549 transmittenda,
1136 4485 1209 4539 ut
1268 4500 1381 4541 nos
1444 4501 1556 4560 per
1616 4481 1940 4560 utriusque
2002 4502 2374 4561 responsum
2431 4482 2762 4544 veritatem
2818 4486 3040 4548 elicere

582 4586 901 4647 valeamus
956 4591 1021 4646 et
1076 4585 1278 4646 facere
1333 4586 1499 4665 quod
1555 4591 1652 4647 est
1706 4587 1967 4664 justum.
2063 4587 2244 4661 Quod
2300 4588 2354 4647 si
2410 4593 2674 4669 utraque
2729 4590 3038 4652 dictarum

580 4692 841 4761 viarum,
886 4690 1134 4751 racione
1183 4690 1524 4761 dilacionis,
1574 4691 1995 4771 prejudicialis
2044 4692 2220 4752 vobis
2261 4692 2340 4752 ab
2383 4693 2692 4772 aliquibus
2735 4696 3036 4769 videatur,

578 4820 725 4862 ecce
752 4800 1069 4863 Vicarium
1112 4798 1415 4859 habemus
1456 4799 1521 4858 in
1558 4799 1780 4879 Anglia
1815 4800 2203 4871 Generalem,
2233 4799 2438 4860 virum
2474 4800 2540 4859 in
2576 4800 2714 4881 jure
2746 4804 3036 4882 peritum,

1434 4935 1616 4977 1—-Two
1642 4933 1798 4976 words
1825 4946 1906 4975 are
1933 4938 2016 4976 not
2043 4934 2184 4975 clear.
