3459 5617
1141 478 1443 559 Episcopi
1498 478 1979 559 Hercfordcnszs.
2676 484 2795 546 109

329 701 409 761 ad
466 707 752 763 nostrum
815 702 1214 763 commodum
1275 703 1494 764 cedere
1557 723 1744 782 super
1804 710 2097 784 compoto
2157 705 2589 785 tangebantur,
2646 727 2795 769 vera

329 812 541 869 tamen
583 808 875 868 voluntas
917 813 1134 868 nostra
1176 808 1242 866 in
1283 807 1406 868 hiis
1447 808 1801 887 expressius
1842 809 2118 888 patefiat,
2162 816 2227 870 et
2267 830 2414 871 vero
2442 830 2553 872 vos
2588 812 2795 891 ipsam

326 912 715 974 voluntatem
757 918 1039 974 nostram
1081 914 1172 974 sic
1213 913 1390 974 vobis
1431 913 1809 974 declaratam
1849 916 2198 994 sequamini
2234 915 2301 975 in
2340 917 2638 988 honestis,
2674 938 2793 978 nec

328 1024 545 1078 contra
593 1019 797 1097 ipsam
845 1020 1057 1080 venire
1115 1020 1182 1079 in
1241 1020 1447 1099 aliquo
1506 1020 1901 1099 presumatis.
2003 1020 2083 1079 In
2140 1021 2360 1101 primis
2419 1022 2792 1085 mandamus

326 1125 622 1203 quatinus
671 1125 984 1186 redditum
1033 1131 1321 1186 nostrum
1378 1126 1454 1187 de
1512 1126 1636 1185 isto
1694 1126 1963 1185 termino
2024 1127 2241 1188 Sancti
2298 1126 2543 1189 Andree
2592 1134 2657 1189 et
2712 1129 2791 1190 de

325 1230 463 1291 aliis
505 1230 789 1292 terminis
831 1230 1087 1291 insimul
1127 1231 1373 1292 faciatis
1428 1231 1506 1291 ad
1561 1231 1914 1310 prepositos
1962 1232 2241 1292 locorum
2280 1232 2522 1313 integre
2564 1234 2789 1314 colligi,

325 1341 388 1395 et
457 1336 757 1396 custodiri
826 1336 905 1396 ad
974 1356 1132 1416 opus
1195 1342 1500 1407 nostrum,
1564 1356 1889 1416 quousque
1951 1357 2065 1416 pro
2123 1338 2343 1398 eodem
2404 1344 2793 1418 receptorem

324 1443 678 1503 miserimus
727 1442 1100 1521 specialem;
1161 1443 1251 1502 ita
1304 1442 1470 1521 quod
1519 1442 1713 1502 nichil
1762 1442 1907 1503 inde
1957 1442 2022 1502 in
2064 1442 2221 1503 alios
2263 1464 2415 1505 usus
2456 1450 2791 1524 quantum-

326 1568 571 1627 cunque
626 1548 1010 1609 necessarios
1066 1548 1483 1626 expendatur;
1545 1553 1609 1607 et
1664 1548 1831 1627 quod
1888 1548 1963 1608 de
2019 1548 2083 1607 lx
2136 1548 2311 1609 libris
2360 1549 2460 1610 vel
2508 1550 2671 1611 circa
2712 1552 2791 1611 de

324 1655 632 1735 arreragio
693 1656 1153 1734 prepositorum
1216 1660 1280 1715 et
1342 1655 1606 1715 aliorum
1668 1655 2099 1716 ministrorum
2169 1657 2445 1736 compoti
2506 1658 2793 1736 preteriti

323 1761 607 1823 leventur
663 1761 724 1819 xl
783 1759 936 1821 libre
994 1760 1277 1821 celeriter
1334 1780 1454 1840 que
1511 1764 1831 1841 parentur¹
1879 1781 1994 1840 pro
2052 1761 2415 1823 clarissimis
2466 1763 2792 1843 arreragiis

323 1888 435 1947 per
487 1868 912 1929 omnimodam
968 1867 1421 1938 cohercionem,
1463 1872 1529 1927 et
1568 1868 1888 1947 preposito
1930 1868 2007 1929 de
2049 1867 2425 1947 Prestebyry
2465 1889 2578 1948 per
2618 1869 2791 1950 ipsos

323 1974 430 2053 qui
485 1973 721 2033 dictum
779 1972 1158 2051 arreragium
1217 1972 1446 2033 debent
1501 1979 1849 2051 portentur,
1894 1979 1959 2033 et
2015 1994 2127 2053 per
2184 1974 2390 2035 tallias
2447 1974 2791 2035 liberentur

322 2079 440 2139 hac
497 2079 650 2149 vice,
700 2085 789 2149 ut,
850 2099 994 2138 cum
1063 2098 1180 2139 nos
1249 2078 1415 2157 apud
1474 2078 1851 2157 Prestebyry
1909 2080 1975 2137 in
2032 2078 2204 2139 brevi
2262 2080 2617 2141 miserimus
2674 2100 2790 2159 pro

323 2185 576 2255 eisdem,
635 2184 822 2245 dicte²
868 2184 931 2243 xl
986 2183 1140 2245 libre
1194 2183 1441 2263 possint
1496 2184 1762 2244 inveniri
1810 2189 2044 2263 parate.
2146 2184 2312 2245 Item
2361 2185 2528 2263 quod
2576 2186 2789 2247 nullus

320 2292 675 2371 prepositus
717 2292 794 2352 de
837 2295 1044 2351 cetero
1084 2290 1182 2350 vel
1225 2290 1384 2350 alius
1425 2289 1713 2350 minister
1753 2289 1974 2350 liberet
2008 2290 2112 2349 alii
2146 2290 2466 2369 preposito
2499 2291 2793 2352 denarios

321 2416 478 2477 quos
535 2396 638 2457 ille
693 2396 964 2456 liberans
1018 2394 1209 2457 habet
1264 2395 1524 2455 liberare
1580 2396 1658 2455 ad
1713 2394 2119 2474 garderobam
2174 2401 2474 2467 nostram,
2531 2402 2788 2476 propter

319 2503 595 2583 pericula
635 2522 756 2582 que
805 2502 1064 2562 iminere
1103 2507 1365 2580 possent
1405 2501 1730 2580 recipienti
1780 2506 1844 2561 et
1898 2521 1974 2580 pr
1995 2507 2154 2580 vpter
2194 2501 2534 2563 mixciones
2575 2522 2787 2582 recep·

320 2610 605 2680 cionum;
649 2615 746 2670 set
786 2608 890 2669 ille
931 2608 1203 2668 liberans
1245 2608 1478 2668 directe
1519 2607 1740 2668 liberet
1782 2608 1860 2667 ad
1901 2607 2305 2687 garderobam
2346 2613 2645 2680 nostram,
2686 2609 2785 2669 vel

320 2716 408 2776 illi
451 2736 637 2795 quem
681 2715 759 2775 ad
802 2712 1162 2793 hujusmodi
1202 2713 1632 2792 recepcionem
1674 2712 2028 2792 specialiter
2070 2712 2593 2792 deputaverimus,
2641 2713 2782 2774 istis

319 2821 617 2901 predictis
669 2818 993 2898 arreragiis
1045 2818 1371 2877 dumtaxat
1422 2818 1698 2897 exceptis
1741 2837 1816 2878 ex
1858 2838 2047 2878 causa
2087 2837 2211 2897 qua
2252 2818 2421 2878 dicto
2462 2818 2782 2897 preposito

318 2927 396 2987 de
437 2924 815 3003 Prestebyry
848 2924 1137 2985 volumus
1171 2923 1450 2984 liberare.
1534 2922 1702 2983 Item
1735 2924 1902 3003 quod
1936 2923 2145 2983 nullus
2178 2924 2535 3003 prepositus
2563 2923 2783 2985 liberet

318 3033 396 3093 de
454 3038 689 3093 cetero·
719 3029 991 3099 bladum,
1043 3028 1354 3100 animalia,
1405 3028 1502 3088 vel
1561 3028 1730 3088 aliud
1788 3029 2142 3089 instaurum
2199 3028 2423 3089 ballive
2484 3048 2597 3089 sue
2658 3030 2781 3091 nisi

319 3137 693 3199 racionabile
730 3136 1009 3216 precium
1048 3140 1417 3213 apponatur,
1457 3139 1520 3194 et
1558 3135 1724 3213 quod
1764 3134 1938 3194 tallia
1970 3134 2081 3194 fiat
2114 3135 2278 3195 inter
2311 3134 2679 3195 liberantem
2712 3139 2778 3197 et

319 3244 724 3324 recipientem
786 3243 863 3302 de
924 3242 1134 3321 precio
1194 3240 1282 3300 rei
1344 3239 1603 3300 liberate
1664 3246 1728 3301 et
1792 3260 1919 3301 non
1982 3241 2059 3301 de
2120 3240 2259 3319 ipsa
2318 3260 2386 3301 re
2452 3243 2569 3319 [ut]
2635 3260 2783 3301 vera

318 3350 596 3430 proficua
663 3346 1083 3408 maneriorum
1150 3345 1397 3424 possint
1457 3345 1724 3405 lucidius
1787 3365 2103 3425 apparere.
2215 3345 2381 3406 Item
2443 3346 2609 3425 quod
2671 3345 2783 3405 fiat

319 3457 490 3517 visus
545 3459 979 3533 compotorum
1033 3451 1511 3531 prepositorum,
1555 3452 1633 3511 de
1687 3451 2001 3530 quarterio
2056 3452 2206 3511 anni
2259 3452 2326 3510 in
2376 3451 2779 3530 quarterium,

317 3582 429 3641 per
464 3560 906 3629 Senescallum,
936 3558 1037 3619 vel
1070 3558 1280 3618 saltim
1313 3577 1426 3635 per
1465 3557 1583 3617 loci
1626 3557 1925 3618 ballivum
1966 3577 2110 3618 cum
2155 3558 2378 3618 clerico
2422 3557 2779 3628 Senescalli,

317 3674 383 3729 et
434 3666 702 3726 maxime
752 3670 1009 3744 propter
1059 3664 1182 3723 ista
1230 3663 1444 3742 gravia
1495 3663 1804 3741 arreragia
1854 3664 1932 3723 de
1986 3664 2244 3742 Sugwas
2296 3669 2361 3723 et
2402 3663 2479 3723 de
2520 3664 2669 3734 Ros,
2713 3663 2779 3722 in

319 3772 544 3853 quibus
585 3771 739 3832 locis
781 3770 834 3831 si
878 3769 1026 3829 sacti
1069 3768 1335 3829 fuissent
1377 3769 1567 3838 visus,
1598 3773 1670 3827 ut
1706 3769 2057 3847 predictum
2095 3773 2209 3839 est,
2241 3774 2305 3829 et
2342 3768 2407 3827 in
2447 3768 2585 3829 aliis
2622 3768 2777 3829 locis

316 3878 604 3941 similiter
664 3877 973 3957 potuisset
1035 3881 1182 3937 ante
1245 3880 1606 3954 compotum
1669 3894 1885 3936 semen
1947 3876 2071 3936 emi
2132 3881 2197 3936 et
2265 3876 2634 3947 instaurum,
2699 3876 2779 3935 ad

314 3989 604 4045 nostrum
666 3982 1064 4043 commodum
1121 4000 1248 4040 non
1307 3980 1641 4051 modicum,
1703 3986 1768 4040 et
1834 3964 2087 4060 grangie
2148 3986 2361 4042 nostre
2423 3981 2779 4060 potuissent

315 4091 555 4170 integre
598 4090 784 4150 modo
825 4087 1018 4148 fuisse
1068 4087 1174 4148 ubi
1225 4106 1354 4147 non
1407 4086 1773 4147 credebatur
1812 4087 2163 4166 prepositos
2206 4093 2353 4148 ante
2395 4094 2776 4166 compotum,

318 4196 584 4256 maxime
627 4195 703 4255 de
745 4193 875 4254 Ros
916 4198 982 4254 et
1022 4194 1100 4254 de
1144 4192 1420 4272 Sugwas,
1471 4192 1622 4252 talia
1663 4194 1969 4272 arreragia
2011 4193 2316 4254 debuisse.
2402 4194 2568 4255 Item
2609 4195 2778 4273 quod

317 4301 573 4362 bladum
613 4306 678 4361 et
721 4300 841 4360 alia
881 4297 1125 4359 venalia
1164 4297 1231 4356 in
1265 4297 1559 4358 maneriis
1592 4298 1944 4359 vendantur
1976 4298 2087 4358 tali
2120 4298 2372 4377 seysina
2404 4302 2468 4359 et
2494 4304 2778 4377 tempore

318 4404 720 4485 competenti,
763 4409 827 4465 et
878 4403 943 4462 in
995 4402 1270 4482 reprisis⁸
1311 4402 1728 4462 maneriorum
1780 4402 1905 4463 tale
1957 4403 2356 4463 moderamen
2408 4409 2777 4482 apponatur,

317 4519 383 4573 et
437 4512 604 4593 quod
657 4509 953 4571 utensilia
1005 4514 1070 4569 et
1125 4508 1246 4569 alia
1300 4509 1493 4569 semel
1549 4515 1763 4587 empta
1817 4510 1882 4568 in
1938 4510 2232 4570 maneriis
2287 4510 2377 4569 ita
2424 4510 2596 4570 salvo
2639 4530 2777 4571 cus-

317 4619 639 4680 todiantur
678 4636 790 4696 per
830 4620 1035 4676 totum
1069 4614 1234 4693 quod
1268 4614 1345 4674 de
1378 4619 1632 4674 extenta
1664 4614 2084 4675 maneriorum
2117 4614 2297 4675 nobis
2329 4616 2781 4694 respondeatur

318 4726 398 4785 ad
446 4725 673 4794 minue,
725 4722 802 4782 de
850 4741 974 4800 qua
1015 4725 1283 4790 extenta,
1328 4725 1400 4779 ut
1440 4719 1879 4791 intelleximus,
1922 4740 2050 4780 non
2093 4721 2408 4781 modicum
2450 4720 2777 4782 amisimus

741 4876 870 4915 l—ln
898 4874 1000 4914 MS.
1027 4872 1300 4917 burantur.
1886 4873 2019 4913 2-1n
2048 4873 2149 4913 MS.
2175 4870 2355 4913 decem.

609 4922 930 4973 s-Reprisis.
957 4922 1236 4964 deductione
1260 4920 1385 4964 from
1409 4922 1494 4964 the
1519 4921 1673 4964 rental
1699 4922 1777 4964 for
1801 4922 2041 4964 annuities
2066 4922 2160 4963 and
2187 4922 2527 4969 rent-charges.
