3459 5617
1183 478 1486 561 Episcopi
1538 480 2021 561 Herefordcmis.
2792 485 2831 545 3

351 710 826 783 competentem
903 706 1273 785 provideant
1349 724 1460 785 per
1535 726 1726 786 quam
1806 706 2009 766 clerus
2080 724 2145 767 et
2215 707 2484 786 populus
2554 708 2828 768 civitatis

351 816 418 871 et
466 809 820 871 decanatus
877 812 942 871 in
991 831 1144 890 pace
1199 817 1466 890 regatur,
1517 819 1582 873 et
1631 810 1955 873 libertates
2006 812 2289 873 Ecclesie
2337 832 2464 872 non
2515 813 2823 874 ledantur.

357 916 648 977 ficientes
683 918 874 997 quod,
911 917 964 978 si
1000 918 1292 996 predictis
1321 917 1778 979 monicionibus
1804 919 2039 979 nostris
2067 937 2284 997 parere
2312 922 2825 999 contempserint,

353 1041 474 1083 nos
515 1022 598 1083 ad
644 1024 1014 1101 corrigenda
1054 1024 1364 1102 premissa
1403 1044 1658 1084 manum
1702 1022 2061 1084 curabimus
2104 1024 2443 1102 graviorem
2492 1045 2827 1105 apponere,

351 1128 636 1189 Domino
701 1134 1041 1200 annuente,
1105 1148 1214 1191 eos
1269 1138 1404 1189 tam
1464 1149 1574 1209 per
1629 1148 1963 1189 censuram
2028 1130 2545 1192 Ecclesiasticam
2611 1134 2825 1193 coher-

349 1234 558 1295 eendo
639 1253 832 1315 quam
910 1234 1234 1295 brachium
1314 1236 1613 1303 seculare.
1700 1235 1753 1295 si
1838 1254 2093 1296 necesse
2169 1236 2377 1308 fuerit,
2456 1237 2823 1299 invocando,

353 1338 647 1413 Qualiter
685 1345 901 1401 autem
939 1341 1308 1400 mandatum
1351 1348 1638 1401 nostrum
1675 1339 1921 1400 fueritis
1960 1340 2227 1411 executi,
2269 1348 2332 1401 et
2372 1342 2641 1421 qualiter
2678 1342 2827 1403 dicti

355 1446 488 1507 duo
543 1448 784 1507 nostris
840 1446 1296 1507 monicionibus
1351 1445 1809 1525 responderint,
1868 1446 2050 1506 nobis
2103 1466 2292 1526 quam
2350 1448 2476 1508 cito
2538 1448 2829 1527 expedire

351 1550 644 1611 videritis
683 1551 1058 1612 rescribatis,
1143 1550 1430 1613 Valeatis
1467 1550 1531 1611 in
1571 1552 1868 1611 Domin0.
1954 1551 2191 1611 Datum
2230 1552 2395 1631 apud
2436 1552 2825 1625 Windesore,

355 1676 438 1717 xv
486 1656 810 1717 Kalendas
853 1658 1137 1735 Augusti,
1183 1676 1350 1717 anno
1395 1656 1651 1716 Domini
1695 1655 2153 1719 M⁰CG⁰LXX⁰
2194 1657 2432 1736 quinto.

359 1873 520 1951 July
549 1873 1038 1933 29.—Mandate
1083 1880 1142 1934 to
1187 1874 1284 1933 tho
1329 1874 1655 1934 Seneschal
1699 1882 1759 1933 to
1802 1874 1945 1934 hold
1984 1893 2027 1933 a
2066 1881 2239 1934 court
2278 1881 2347 1934 at
2388 1874 2726 1953 Prestbury
2770 1882 2830 1935 to

605 1953 851 2031 inqu-irc
893 1954 953 2031 {f
986 1955 1168 2014 Peter
1211 1954 1284 2015 de
1325 1955 1664 2033 Bromptcm
1715 1956 1843 2014 and
1898 1955 2098 2032 Roqcr
2137 1955 2209 2014 de
2252 1956 2637 2030 Hy‘ntesham
2676 1974 2828 2015 were

605 2034 806 2095 seized
849 2034 920 2111 os
956 2034 1316 2113 twenty-five
1358 2053 1526 2095 acres
1569 2041 1635 2095 at
1676 2035 2161 2115 Sevenhampton
2195 2035 2388 2112 before
2426 2036 2523 2096 the
2557 2036 2741 2096 death
2766 2036 2839 2113 of

608 2115 846 2195 Bishop
895 2115 1083 2186 John,
1134 2116 1260 2176 and
1300 2114 1362 2195 {f
1395 2136 1480 2187 so,
1515 2122 1573 2177 to
1613 2117 1745 2195 qive
1792 2116 1953 2177 them
1984 2116 2331 2196 possession
2370 2118 2440 2192 of
2476 2118 2573 2177 the
2617 2116 2779 2177 lami.

525 2256 1292 2335 Cromna—Magistro
1346 2257 1626 2318 Johanni
1684 2258 1763 2318 de
1826 2258 2203 2333 Bradeham,
2264 2259 2622 2319 Senescallo
2690 2278 2826 2331 suo,

353 2364 650 2425 salutem.
739 2363 898 2424 Cum
942 2364 1284 2425 dileccione
1327 2363 1570 2424 sincera
1611 2344 1987 2425 mandamus
2029 2365 2205 2425 vobis
2248 2366 2541 2445 quatinus
2582 2366 2829 2427 faciatis

351 2471 596 2531 curiam
642 2486 924 2529 nostram
967 2468 1045 2531 de
1087 2470 1465 2546 Prestebury
1495 2470 1815 2549 quamcito
1855 2470 2145 2549 poteritis
2187 2470 2609 2543 summoneri;
2653 2481 2717 2531 et
2747 2470 2827 2531 ad

353 2575 526 2635 idem
599 2574 951 2635 manerium
1022 2574 1432 2652 personaliter
1501 2575 1896 2646 accedentes,
1971 2595 2082 2654 per
2160 2575 2387 2637 liberos
2458 2581 2522 2636 et
2596 2576 2826 2653 legales

361 2681 678 2753 homines,
710 2700 821 2760 per
854 2699 1010 2761 quos
1044 2680 1133 2741 rei
1160 2681 1393 2741 veritas
1431 2681 1655 2741 melius
1691 2682 1835 2742 sciri
1876 2689 2105 2761 potest,
2136 2680 2464 2759 diligenter
2494 2680 2828 2761 inquiratis

353 2796 570 2851 utrum
629 2787 924 2849 dominus
972 2786 1198 2848 Petrus
1252 2786 1332 2847 de
1388 2788 1773 2866 Bromptone
1829 2797 1891 2850 et
1948 2789 2229 2868 Bogerus
2285 2787 2362 2848 de
2418 2787 2825 2865 Hyntesham

353 2896 615 2957 fuerunt
672 2892 872 2955 seisiti
941 2893 1006 2953 in
1075 2892 1389 2953 dominico
1453 2912 1568 2953 suo
1622 2904 1694 2954 ut
1760 2894 1839 2981 de
1895 2894 2100 2965 feudo,
2159 2901 2308 2954 ante
2366 2892 2606 2976 obitum
2663 2893 2825 2954 bone

355 3000 662 3060 memorie
717 2998 1052 3070 Johannis,
1104 2998 1587 3059 Hereiordensis
1643 2999 1960 3079 Episcopi,
2020 3000 2097 3060 de
2154 3020 2275 3061 xxv
2330 3000 2493 3060 acris
2548 3006 2712 3059 terre
2760 3006 2824 3059 et

351 3107 523 3187 prati
575 3126 719 3167 cum
771 3106 1171 3185 pertinenciis
1221 3105 1284 3165 in
1343 3106 1915 3185 Sevenhamptone,
1966 3126 2123 3188 quas
2164 3106 2413 3186 quidem
2472 3126 2595 3167 xxv
2646 3124 2824 3166 acras

351 3214 569 3273 dictus
613 3212 970 3291 Episcopus
1017 3212 1171 3271 emit·
1220 3232 1259 3272 a
1313 3211 1584 3273 Badulfo
1630 3212 1891 3273 Musard
1939 3213 2017 3272 de
2072 3212 2295 3283 Asshe,
2339 3219 2403 3271 et
2448 3231 2607 3291 quas
2656 3212 2820 3271 idem

359 3319 722 3398 Episcopus
773 3318 1006 3378 eisdem
1060 3318 1251 3378 Petro
1303 3324 1366 3379 et
1417 3318 1662 3397 Rogero
1711 3318 1905 3389 dedit,
1950 3326 2013 3377 et
2055 3337 2162 3378 eos
2205 3317 2350 3377 inde
2394 3316 2628 3377 seisivit
2675 3326 2824 3376 ante

353 3431 626 3485 mortem
691 3442 892 3493 suam,
947 3431 1020 3482 ut
1081 3422 1319 3483 dicunt.
1426 3424 1512 3483 Et·
1574 3424 1627 3484 si
1692 3444 1822 3485 rem
1889 3424 2251 3485 inveneritis
2310 3424 2407 3483 ita
2467 3443 2624 3494 esse,
2672 3432 2823 3483 tunc

353 3528 652 3589 volumus
735 3536 798 3589 et
877 3528 1256 3589 mandamus
1345 3530 1511 3609 quod
1594 3530 1982 3609 permittatis
2077 3529 2279 3590 dictos
2363 3527 2677 3612 P[etrum]
2762 3534 2827 3590 et

357 3634 738 3717 R[ogerum]
796 3634 987 3696 libere
1042 3635 1274 3695 seisina
1323 3655 1440 3696 sua
1491 3636 1783 3713 gaudere,
1829 3642 1893 3696 et
1949 3636 2028 3696 de
2077 3636 2382 3697 fructibus
2437 3636 2603 3696 dicte
2660 3643 2825 3697 terre

355 3720 694 3820 disponere
753 3760 865 3820 pro
928 3760 1042 3801 suo
1101 3740 1275 3802 libito
1325 3741 1691 3802 voluntatis.
1802 3741 1867 3803 Si
1911 3761 2056 3802 vero
2116 3741 2194 3801 de
2249 3741 2530 3820 predicta
2594 3741 2827 3801 seisina

357 3867 578 3913 eorum
643 3866 754 3925 per
814 3845 1290 3926 inquisicionem
1361 3866 1486 3907 non
1558 3855 1829 3920 constet,
1900 3852 2053 3907 tunc
2123 3846 2288 3907 dicte
2352 3854 2515 3906 terre
2584 3846 2825 3907 fructus

355 3953 570 4033 colligi
639 3952 910 4023 faciatis,
980 3959 1044 4012 et
1113 3952 1177 4012 in
1247 3952 1434 4012 domo
1507 3953 1720 4032 aliqua
1790 3953 1908 4014 sub
1977 3952 2339 4014 testimonio
2409 3961 2473 4012 et
2542 3952 2827 4013 custodia

355 4060 630 4121 duorum
701 4058 798 4118 vel
881 4058 1073 4119 trium
1149 4058 1441 4136 legalium
1513 4060 1837 4119 hominum
1921 4057 2135 4139 reponi
2206 4058 2450 4119 faciatis
2518 4065 2582 4119 et
2652 4059 2825 4120 salve

359 4166 690 4235 custodiri,
755 4164 952 4225 donec
1023 4164 1200 4225 vobis
1269 4165 1439 4225 aliud
1509 4184 1696 4244 super
1757 4166 1877 4225 hoc
1938 4164 2295 4225 dederimus
2357 4163 2421 4224 in
2484 4164 2821 4225 mandatis.

364 4271 610 4332 Datum
656 4268 822 4348 apud
869 4268 1325 4347 Schyreburne‚
1367 4269 1456 4347 iiij
1503 4269 1823 4329 Kalendas
1865 4270 2151 4348 Augusti,
2197 4288 2365 4330 anno
2406 4269 2785 4348 supradicte

365 4490 525 4567 Δίῳ.
569 4487 1054 4548 10.—Renewed
1108 4486 1333 4566 appeal
1388 4494 1447 4547 to
1505 4487 1602 4547 the
1657 4488 1927 4566 Chapter
1972 4494 2031 4548 to
2072 4486 2248 4547 abate
2295 4493 2391 4548 the
2433 4485 2582 4546 evils
2623 4486 2695 4563 of
2731 4440 2843 4547 the·

612 4567 902 4710 &aad
941 4568 1210 4639 electior»,
1241 4568 1366 4627 and
1401 4574 1460 4628 to
1500 4566 1708 4627 advice
1750 4586 1820 4627 aa
1865 4573 1924 4628 to
1970 4568 2067 4627 the
2101 4574 2263 4647 steps
2290 4566 2489 4627 which
2514 4566 2735 4627 should
2764 4567 2831 4655 bc

533 4778 1220 4841 Hunnronnn.—Viris
1256 4778 1713 4840 venerabilibus
1753 4786 1813 4840 et
1855 4778 2140 4839 discretis
2178 4776 2470 4839 fratribus
2508 4784 2572 4837 et
2610 4778 2828 4838 amicis

363 4884 712 4946 carissimis
754 4882 1044 4955 dominis,
1090 4882 1379 4962 Capitulo
1421 4882 1889 4956 Herefordensi,
1936 4883 2233 4954 Thomas,
2276 4891 2421 4951 etc..
2450 4880 2721 4943 salutem
2762 4888 2827 4944 et
