<?xml version="1.0" encoding="UTF-8"?>
<!DOCTYPE html PUBLIC "-//W3C//DTD XHTML 1.0 Transitional//EN"
    "http://www.w3.org/TR/xhtml1/DTD/xhtml1-transitional.dtd">
<html xmlns="http://www.w3.org/1999/xhtml" xml:lang="en" lang="en">
 <head>
  <title>
</title>
<meta http-equiv="Content-Type" content="text/html;charset=utf-8" />
  <meta name='ocr-system' content='tesseract 3.04.00' />
  <meta name='ocr-capabilities' content='ocr_page ocr_carea ocr_par ocr_line ocrx_word'/>
</head>
<body>
  <div class='ocr_page' id='page_1' title='image "./canterburyandyo00unkngoog_0160.png"; bbox 0 0 3459 5617; ppageno 0'>
   <div class='ocr_carea' id='block_1_1' title="bbox 99 2642 268 2681">
    <p class='ocr_par' dir='ltr' id='par_1_1' title="bbox 99 2642 268 2681">
     <span class='ocr_line' id='line_1_1' title="bbox 99 2642 268 2681; baseline 0.024 -4"><span class='ocrx_word' id='word_1_1' title='bbox 99 2642 165 2679; x_wconf 72' lang='lat'><em>1³01.</em></span> <span class='ocrx_word' id='word_1_2' title='bbox 187 2642 268 2681; x_wconf 68' lang='lat'><strong>221³.</strong></span> 
     </span>
    </p>
   </div>
   <div class='ocr_carea' id='block_1_2' title="bbox 1145 480 2795 560">
    <p class='ocr_par' dir='ltr' id='par_1_2' title="bbox 1145 480 2795 560">
     <span class='ocr_line' id='line_1_2' title="bbox 1145 480 2795 560; baseline 0.004 -20"><span class='ocrx_word' id='word_1_3' title='bbox 1145 480 1446 560; x_wconf 82' lang='lat' dir='ltr'><em>Episcopi</em></span> <span class='ocrx_word' id='word_1_4' title='bbox 1498 481 1982 560; x_wconf 65' lang='lat' dir='ltr'>Heresordensia</span> <span class='ocrx_word' id='word_1_5' title='bbox 2716 486 2795 546; x_wconf 88' lang='lat'>69</span> 
     </span>
    </p>
   </div>
   <div class='ocr_carea' id='block_1_3' title="bbox 338 706 2796 866">
    <p class='ocr_par' dir='ltr' id='par_1_3' title="bbox 338 706 2796 866">
     <span class='ocr_line' id='line_1_3' title="bbox 338 706 2796 785; baseline 0.002 -20"><span class='ocrx_word' id='word_1_6' title='bbox 338 707 550 767; x_wconf 83' lang='lat' dir='ltr'><strong><em>March</em></strong></span> <span class='ocrx_word' id='word_1_7' title='bbox 619 710 718 776; x_wconf 87' lang='lat'>27,</span> <span class='ocrx_word' id='word_1_8' title='bbox 791 706 1295 765; x_wconf 62' lang='lat' dir='ltr'>lma—Demus</span> <span class='ocrx_word' id='word_1_9' title='bbox 1365 707 1436 785; x_wconf 85' lang='lat' dir='ltr'>of</span> <span class='ocrx_word' id='word_1_10' title='bbox 1514 706 1610 766; x_wconf 67' lang='lat' dir='ltr'>the</span> <span class='ocrx_word' id='word_1_11' title='bbox 1679 706 2043 767; x_wconf 80' lang='lat' dir='ltr'>boundaries</span> <span class='ocrx_word' id='word_1_12' title='bbox 2112 708 2492 767; x_wconf 77' lang='lat' dir='ltr'>ascertained</span> <span class='ocrx_word' id='word_1_13' title='bbox 2558 709 2627 768; x_wconf 78' lang='lat' dir='ltr'>in</span> <span class='ocrx_word' id='word_1_14' title='bbox 2698 710 2796 770; x_wconf 79' lang='lat' dir='ltr'>the</span> 
     </span>
     <span class='ocr_line' id='line_1_4' title="bbox 563 785 1367 866; baseline -0.002 -19"><span class='ocrx_word' id='word_1_15' title='bbox 563 786 1062 866; x_wconf 77' lang='lat' dir='ltr'>perambulation</span> <span class='ocrx_word' id='word_1_16' title='bbox 1102 785 1367 846; x_wconf 82' lang='lat' dir='ltr'><strong><em>ordered.</em></strong></span> 
     </span>
    </p>
   </div>
   <div class='ocr_carea' id='block_1_4' title="bbox 331 931 2796 2180">
    <p class='ocr_par' dir='ltr' id='par_1_4' title="bbox 331 931 2796 2180">
     <span class='ocr_line' id='line_1_5' title="bbox 488 931 2795 1011; baseline 0 -18"><span class='ocrx_word' id='word_1_17' title='bbox 488 932 968 993; x_wconf 85' lang='lat' dir='ltr'>Perambulacio</span> <span class='ocrx_word' id='word_1_18' title='bbox 1014 932 1180 992; x_wconf 82' lang='lat' dir='ltr'>facta</span> <span class='ocrx_word' id='word_1_19' title='bbox 1225 931 1324 991; x_wconf 85' lang='lat' dir='ltr'>die</span> <span class='ocrx_word' id='word_1_20' title='bbox 1375 931 1706 991; x_wconf 91' lang='lat' dir='ltr'>Dominica</span> <span class='ocrx_word' id='word_1_21' title='bbox 1747 932 2032 1010; x_wconf 82' lang='lat' dir='ltr'>proxima</span> <span class='ocrx_word' id='word_1_22' title='bbox 2070 938 2215 1011; x_wconf 91' lang='lat' dir='ltr'>post</span> <span class='ocrx_word' id='word_1_23' title='bbox 2245 932 2505 993; x_wconf 84' lang='lat' dir='ltr'>Festum</span> <span class='ocrx_word' id='word_1_24' title='bbox 2537 935 2795 995; x_wconf 90' lang='lat' dir='ltr'>Annun-</span> 
     </span>
     <span class='ocr_line' id='line_1_6' title="bbox 334 1019 2796 1109; baseline 0 -18"><span class='ocrx_word' id='word_1_25' title='bbox 334 1030 626 1091; x_wconf 84' lang='lat' dir='ltr'>ciacionis</span> <span class='ocrx_word' id='word_1_26' title='bbox 687 1030 886 1089; x_wconf 85' lang='lat' dir='ltr'>Beate</span> <span class='ocrx_word' id='word_1_27' title='bbox 944 1029 1166 1101; x_wconf 87' lang='lat' dir='ltr'>Marie,</span> <span class='ocrx_word' id='word_1_28' title='bbox 1218 1048 1384 1090; x_wconf 90' lang='lat' dir='ltr'>anno</span> <span class='ocrx_word' id='word_1_29' title='bbox 1429 1028 1602 1107; x_wconf 85' lang='lat' dir='ltr'>regni</span> <span class='ocrx_word' id='word_1_30' title='bbox 1658 1028 1847 1107; x_wconf 88' lang='lat' dir='ltr'>Regis</span> <span class='ocrx_word' id='word_1_31' title='bbox 1908 1028 2204 1090; x_wconf 83' lang='lat' dir='ltr'>Edwardi</span> <span class='ocrx_word' id='word_1_32' title='bbox 2261 1036 2457 1102; x_wconf 84' lang='lat' dir='ltr'>sexto,</span> <span class='ocrx_word' id='word_1_33' title='bbox 2514 1051 2626 1109; x_wconf 89' lang='lat' dir='ltr'>per</span> <span class='ocrx_word' id='word_1_34' title='bbox 2679 1019 2796 1091; x_wconf 80' lang='lat' dir='ltr'>hos</span> 
     </span>
     <span class='ocr_line' id='line_1_7' title="bbox 334 1125 2794 1207; baseline 0 -18"><span class='ocrx_word' id='word_1_35' title='bbox 334 1128 736 1207; x_wconf 87' lang='lat' dir='ltr'>subscriptos,</span> <span class='ocrx_word' id='word_1_36' title='bbox 813 1127 1102 1187; x_wconf 87' lang='lat' dir='ltr'>videlicet</span> <span class='ocrx_word' id='word_1_37' title='bbox 1185 1146 1297 1205; x_wconf 88' lang='lat' dir='ltr'>per</span> <span class='ocrx_word' id='word_1_38' title='bbox 1381 1125 1669 1187; x_wconf 85' lang='lat' dir='ltr'>dominos</span> <span class='ocrx_word' id='word_1_39' title='bbox 1758 1126 2105 1187; x_wconf 71' lang='lat' dir='ltr'>Walter-um</span> <span class='ocrx_word' id='word_1_40' title='bbox 2205 1127 2283 1187; x_wconf 87' lang='lat' dir='ltr'>de</span> <span class='ocrx_word' id='word_1_41' title='bbox 2373 1128 2794 1201; x_wconf 87' lang='lat' dir='ltr'>Bukenhulle,</span> 
     </span>
     <span class='ocr_line' id='line_1_8' title="bbox 333 1222 2795 1303; baseline 0.001 -18"><span class='ocrx_word' id='word_1_42' title='bbox 333 1224 722 1285; x_wconf 78' lang='lat' dir='ltr'>willelmum</span> <span class='ocrx_word' id='word_1_43' title='bbox 792 1224 870 1285; x_wconf 85' lang='lat' dir='ltr'>de</span> <span class='ocrx_word' id='word_1_44' title='bbox 940 1223 1283 1303; x_wconf 85' lang='lat' dir='ltr'>Hugeford,</span> <span class='ocrx_word' id='word_1_45' title='bbox 1353 1223 1393 1283; x_wconf 87' lang='lat' dir='ltr'><strong>J</strong></span> <span class='ocrx_word' id='word_1_46' title='bbox 1399 1222 1714 1283; x_wconf 82' lang='lat' dir='ltr'>ohannem</span> <span class='ocrx_word' id='word_1_47' title='bbox 1798 1224 1940 1284; x_wconf 85' lang='lat' dir='ltr'>Fitz</span> <span class='ocrx_word' id='word_1_48' title='bbox 2024 1226 2201 1295; x_wconf 88' lang='lat' dir='ltr'>Aere,</span> <span class='ocrx_word' id='word_1_49' title='bbox 2274 1224 2631 1286; x_wconf 85' lang='lat' dir='ltr'>Johannem</span> <span class='ocrx_word' id='word_1_50' title='bbox 2716 1227 2795 1287; x_wconf 85' lang='lat' dir='ltr'>de</span> 
     </span>
     <span class='ocr_line' id='line_1_9' title="bbox 333 1321 2795 1401; baseline 0 -18"><span class='ocrx_word' id='word_1_51' title='bbox 333 1322 677 1393; x_wconf 83' lang='lat' dir='ltr'>Ercalewe,</span> <span class='ocrx_word' id='word_1_52' title='bbox 728 1322 1042 1401; x_wconf 85' lang='lat' dir='ltr'>Rogerum</span> <span class='ocrx_word' id='word_1_53' title='bbox 1101 1321 1536 1400; x_wconf 84' lang='lat' dir='ltr'>Springehose,</span> <span class='ocrx_word' id='word_1_54' title='bbox 1602 1321 1910 1381; x_wconf 83' lang='lat' dir='ltr'>Thomam</span> <span class='ocrx_word' id='word_1_55' title='bbox 1969 1322 2243 1393; x_wconf 90' lang='lat' dir='ltr'>Boterel,</span> <span class='ocrx_word' id='word_1_56' title='bbox 2300 1322 2339 1382; x_wconf 84' lang='lat' dir='ltr'><strong>J</strong></span> <span class='ocrx_word' id='word_1_57' title='bbox 2344 1322 2659 1383; x_wconf 84' lang='lat' dir='ltr'>ohannem</span> <span class='ocrx_word' id='word_1_58' title='bbox 2715 1324 2795 1384; x_wconf 88' lang='lat' dir='ltr'>de</span> 
     </span>
     <span class='ocr_line' id='line_1_10' title="bbox 331 1418 2793 1500; baseline 0 -21"><span class='ocrx_word' id='word_1_59' title='bbox 331 1419 686 1491; x_wconf 87' lang='lat' dir='ltr'>Picheford,</span> <span class='ocrx_word' id='word_1_60' title='bbox 712 1419 1062 1479; x_wconf 88' lang='lat' dir='ltr'>Walterum</span> <span class='ocrx_word' id='word_1_61' title='bbox 1093 1418 1170 1478; x_wconf 87' lang='lat' dir='ltr'>de</span> <span class='ocrx_word' id='word_1_62' title='bbox 1201 1418 1669 1489; x_wconf 83' lang='lat' dir='ltr'>Bredewardin,</span> <span class='ocrx_word' id='word_1_63' title='bbox 1698 1418 1950 1487; x_wconf 90' lang='lat' dir='ltr'>milites,</span> <span class='ocrx_word' id='word_1_64' title='bbox 1983 1418 2020 1479; x_wconf 87' lang='lat' dir='ltr'><strong>J</strong></span> <span class='ocrx_word' id='word_1_65' title='bbox 2025 1418 2340 1479; x_wconf 88' lang='lat' dir='ltr'>ohannem</span> <span class='ocrx_word' id='word_1_66' title='bbox 2376 1420 2453 1479; x_wconf 88' lang='lat' dir='ltr'>de</span> <span class='ocrx_word' id='word_1_67' title='bbox 2488 1420 2793 1500; x_wconf 89' lang='lat' dir='ltr'>Esthope,</span> 
     </span>
     <span class='ocr_line' id='line_1_11' title="bbox 331 1514 2795 1587; baseline 0.001 -11"><span class='ocrx_word' id='word_1_68' title='bbox 331 1516 679 1577; x_wconf 87' lang='lat' dir='ltr'>Robertum</span> <span class='ocrx_word' id='word_1_69' title='bbox 737 1516 814 1575; x_wconf 87' lang='lat' dir='ltr'>de</span> <span class='ocrx_word' id='word_1_70' title='bbox 869 1516 1141 1586; x_wconf 81' lang='lat' dir='ltr'>Bullers,</span> <span class='ocrx_word' id='word_1_71' title='bbox 1190 1515 1528 1575; x_wconf 77' lang='lat' dir='ltr'><strong>Ricardum</strong></span> <span class='ocrx_word' id='word_1_72' title='bbox 1587 1514 1664 1575; x_wconf 85' lang='lat' dir='ltr'>de</span> <span class='ocrx_word' id='word_1_73' title='bbox 1727 1515 2259 1587; x_wconf 86' lang='lat' dir='ltr'>Dodemanstone,</span> <span class='ocrx_word' id='word_1_74' title='bbox 2312 1522 2375 1576; x_wconf 91' lang='lat' dir='ltr'>et</span> <span class='ocrx_word' id='word_1_75' title='bbox 2432 1517 2673 1577; x_wconf 83' lang='lat' dir='ltr'><strong>Lucam</strong></span> <span class='ocrx_word' id='word_1_76' title='bbox 2716 1518 2795 1578; x_wconf 87' lang='lat' dir='ltr'>de</span> 
     </span>
     <span class='ocr_line' id='line_1_12' title="bbox 331 1612 2795 1693; baseline 0.001 -20"><span class='ocrx_word' id='word_1_77' title='bbox 331 1614 616 1685; x_wconf 87' lang='lat' dir='ltr'>Butone;</span> <span class='ocrx_word' id='word_1_78' title='bbox 681 1613 789 1693; x_wconf 91' lang='lat' dir='ltr'>qui</span> <span class='ocrx_word' id='word_1_79' title='bbox 838 1612 1054 1672; x_wconf 83' lang='lat' dir='ltr'>dicunt</span> <span class='ocrx_word' id='word_1_80' title='bbox 1095 1632 1282 1689; x_wconf 87' lang='lat' dir='ltr'>super</span> <span class='ocrx_word' id='word_1_81' title='bbox 1329 1618 1795 1672; x_wconf 85' lang='lat' dir='ltr'>sacramentum</span> <span class='ocrx_word' id='word_1_82' title='bbox 1842 1631 2025 1672; x_wconf 91' lang='lat' dir='ltr'>suum</span> <span class='ocrx_word' id='word_1_83' title='bbox 2075 1612 2241 1691; x_wconf 83' lang='lat' dir='ltr'>quod</span> <span class='ocrx_word' id='word_1_84' title='bbox 2294 1619 2463 1673; x_wconf 88' lang='lat' dir='ltr'>certe</span> <span class='ocrx_word' id='word_1_85' title='bbox 2512 1624 2679 1675; x_wconf 87' lang='lat' dir='ltr'>mete</span> <span class='ocrx_word' id='word_1_86' title='bbox 2730 1621 2795 1675; x_wconf 89' lang='lat' dir='ltr'>et</span> 
     </span>
     <span class='ocr_line' id='line_1_13' title="bbox 331 1708 2793 1787; baseline 0 -16"><span class='ocrx_word' id='word_1_87' title='bbox 331 1710 524 1771; x_wconf 84' lang='lat' dir='ltr'>divise</span> <span class='ocrx_word' id='word_1_88' title='bbox 594 1711 761 1771; x_wconf 86' lang='lat' dir='ltr'>inter</span> <span class='ocrx_word' id='word_1_89' title='bbox 827 1717 1026 1770; x_wconf 80' lang='lat' dir='ltr'>terras</span> <span class='ocrx_word' id='word_1_90' title='bbox 1111 1709 1367 1769; x_wconf 87' lang='lat' dir='ltr'>Domini</span> <span class='ocrx_word' id='word_1_91' title='bbox 1450 1709 1711 1780; x_wconf 83' lang='lat' dir='ltr'>Thome,</span> <span class='ocrx_word' id='word_1_92' title='bbox 1784 1708 2083 1787; x_wconf 86' lang='lat' dir='ltr'>Episcopi</span> <span class='ocrx_word' id='word_1_93' title='bbox 2154 1709 2653 1783; x_wconf 81' lang='lat' dir='ltr'>Herefordensis,</span> <span class='ocrx_word' id='word_1_94' title='bbox 2727 1712 2793 1772; x_wconf 90' lang='lat' dir='ltr'>in</span> 
     </span>
     <span class='ocr_line' id='line_1_14' title="bbox 333 1806 2794 1887; baseline 0.001 -20"><span class='ocrx_word' id='word_1_95' title='bbox 333 1808 818 1887; x_wconf 84' lang='lat' dir='ltr'>Esthamptone,</span> <span class='ocrx_word' id='word_1_96' title='bbox 845 1814 906 1867; x_wconf 88' lang='lat' dir='ltr'>et</span> <span class='ocrx_word' id='word_1_97' title='bbox 937 1815 1168 1867; x_wconf 83' lang='lat' dir='ltr'>terram</span> <span class='ocrx_word' id='word_1_98' title='bbox 1198 1806 1434 1866; x_wconf 83' lang='lat' dir='ltr'>domini</span> <span class='ocrx_word' id='word_1_99' title='bbox 1463 1806 1634 1865; x_wconf 89' lang='lat' dir='ltr'>Petri</span> <span class='ocrx_word' id='word_1_100' title='bbox 1658 1806 1887 1866; x_wconf 86' lang='lat' dir='ltr'>Corbet</span> <span class='ocrx_word' id='word_1_101' title='bbox 1916 1806 1980 1865; x_wconf 94' lang='lat' dir='ltr'>in</span> <span class='ocrx_word' id='word_1_102' title='bbox 2008 1806 2451 1878; x_wconf 86' lang='lat' dir='ltr'>Wentenoure,</span> <span class='ocrx_word' id='word_1_103' title='bbox 2484 1807 2794 1887; x_wconf 89' lang='lat' dir='ltr'>incipiunt</span> 
     </span>
     <span class='ocr_line' id='line_1_15' title="bbox 333 1903 2794 1984; baseline 0 -19"><span class='ocrx_word' id='word_1_104' title='bbox 333 1906 494 1984; x_wconf 82' lang='lat' dir='ltr'>apud</span> <span class='ocrx_word' id='word_1_105' title='bbox 539 1905 923 1977; x_wconf 85' lang='lat' dir='ltr'>Bussebrok,</span> <span class='ocrx_word' id='word_1_106' title='bbox 968 1904 1360 1965; x_wconf 85' lang='lat' dir='ltr'>ascendendo</span> <span class='ocrx_word' id='word_1_107' title='bbox 1413 1923 1524 1983; x_wconf 90' lang='lat' dir='ltr'>per</span> <span class='ocrx_word' id='word_1_108' title='bbox 1580 1903 1968 1963; x_wconf 85' lang='lat' dir='ltr'>Flitelefiche</span> <span class='ocrx_word' id='word_1_109' title='bbox 2012 1922 2208 1983; x_wconf 88' lang='lat' dir='ltr'>usque</span> <span class='ocrx_word' id='word_1_110' title='bbox 2256 1904 2564 1978; x_wconf 86' lang='lat' dir='ltr'>Aiswelle,</span> <span class='ocrx_word' id='word_1_111' title='bbox 2610 1912 2673 1965; x_wconf 91' lang='lat' dir='ltr'>et</span> <span class='ocrx_word' id='word_1_112' title='bbox 2716 1906 2794 1967; x_wconf 84' lang='lat' dir='ltr'>de</span> 
     </span>
     <span class='ocr_line' id='line_1_16' title="bbox 337 1999 2793 2080; baseline 0.001 -18"><span class='ocrx_word' id='word_1_113' title='bbox 337 2003 620 2063; x_wconf 79' lang='lat' dir='ltr'>Aiswelle</span> <span class='ocrx_word' id='word_1_114' title='bbox 675 2002 1072 2063; x_wconf 85' lang='lat' dir='ltr'>ascendendo</span> <span class='ocrx_word' id='word_1_115' title='bbox 1125 2021 1236 2080; x_wconf 86' lang='lat' dir='ltr'>per</span> <span class='ocrx_word' id='word_1_116' title='bbox 1294 2000 1666 2071; x_wconf 88' lang='lat' dir='ltr'>Assebache‚</span> <span class='ocrx_word' id='word_1_117' title='bbox 1727 2009 1791 2060; x_wconf 88' lang='lat' dir='ltr'>et</span> <span class='ocrx_word' id='word_1_118' title='bbox 1848 1999 1927 2059; x_wconf 88' lang='lat' dir='ltr'>de</span> <span class='ocrx_word' id='word_1_119' title='bbox 1986 2000 2373 2069; x_wconf 85' lang='lat' dir='ltr'>Assebache.</span> <span class='ocrx_word' id='word_1_120' title='bbox 2397 2002 2793 2065; x_wconf 85' lang='lat' dir='ltr'>ascendendo</span> 
     </span>
     <span class='ocr_line' id='line_1_17' title="bbox 335 2097 1897 2180; baseline -0.001 -20"><span class='ocrx_word' id='word_1_121' title='bbox 335 2120 528 2180; x_wconf 84' lang='lat' dir='ltr'>usque</span> <span class='ocrx_word' id='word_1_122' title='bbox 572 2101 636 2159; x_wconf 92' lang='lat' dir='ltr'>in</span> <span class='ocrx_word' id='word_1_123' title='bbox 679 2098 914 2177; x_wconf 82' lang='lat' dir='ltr'>regiam</span> <span class='ocrx_word' id='word_1_124' title='bbox 955 2099 1119 2159; x_wconf 88' lang='lat' dir='ltr'>viam</span> <span class='ocrx_word' id='word_1_125' title='bbox 1165 2118 1352 2177; x_wconf 89' lang='lat' dir='ltr'>super</span> <span class='ocrx_word' id='word_1_126' title='bbox 1393 2097 1897 2177; x_wconf 86' lang='lat' dir='ltr'>Longemimede.</span> 
     </span>
    </p>
   </div>
   <div class='ocr_carea' id='block_1_5' title="bbox 343 2377 2787 2538">
    <p class='ocr_par' dir='ltr' id='par_1_5' title="bbox 343 2377 2787 2538">
     <span class='ocr_line' id='line_1_18' title="bbox 343 2377 2787 2459; baseline 0.001 -22"><span class='ocrx_word' id='word_1_127' title='bbox 343 2378 496 2439; x_wconf 73' lang='lat' dir='ltr'>Writ</span> <span class='ocrx_word' id='word_1_128' title='bbox 555 2386 612 2438; x_wconf 85' lang='lat' dir='ltr'>to</span> <span class='ocrx_word' id='word_1_129' title='bbox 657 2378 752 2437; x_wconf 75' lang='lat' dir='ltr'>the</span> <span class='ocrx_word' id='word_1_130' title='bbox 798 2377 1034 2454; x_wconf 77' lang='lat' dir='ltr'>Sheriff</span> <span class='ocrx_word' id='word_1_131' title='bbox 1079 2377 1150 2455; x_wconf 90' lang='lat' dir='ltr'>of</span> <span class='ocrx_word' id='word_1_132' title='bbox 1198 2377 1666 2455; x_wconf 76' lang='lat' dir='ltr'>Hercfordshire</span> <span class='ocrx_word' id='word_1_133' title='bbox 1724 2385 1781 2437; x_wconf 84' lang='lat' dir='ltr'>to</span> <span class='ocrx_word' id='word_1_134' title='bbox 1837 2398 2114 2437; x_wconf 72' lang='lat' dir='ltr'>sammon</span> <span class='ocrx_word' id='word_1_135' title='bbox 2171 2378 2335 2438; x_wconf 80' lang='lat' dir='ltr'>John</span> <span class='ocrx_word' id='word_1_136' title='bbox 2390 2379 2647 2439; x_wconf 67' lang='lat' dir='ltr'>Dabitot</span> <span class='ocrx_word' id='word_1_137' title='bbox 2677 2382 2787 2459; x_wconf 88' lang='lat' dir='ltr'>for</span> 
     </span>
     <span class='ocr_line' id='line_1_19' title="bbox 571 2457 2701 2538; baseline 0.001 -20"><span class='ocrx_word' id='word_1_138' title='bbox 571 2458 802 2536; x_wconf 73' lang='lat' dir='ltr'>alleqed</span> <span class='ocrx_word' id='word_1_139' title='bbox 834 2457 1140 2537; x_wconf 64' lang='lat' dir='ltr'>poachinq</span> <span class='ocrx_word' id='word_1_140' title='bbox 1182 2465 1248 2517; x_wconf 78' lang='lat' dir='ltr'>at</span> <span class='ocrx_word' id='word_1_141' title='bbox 1289 2458 1465 2535; x_wconf 63' lang='lat' dir='ltr'>niqht</span> <span class='ocrx_word' id='word_1_142' title='bbox 1508 2458 1578 2517; x_wconf 74' lang='lat' dir='ltr'>in</span> <span class='ocrx_word' id='word_1_143' title='bbox 1621 2458 1716 2517; x_wconf 76' lang='lat' dir='ltr'>the</span> <span class='ocrx_word' id='word_1_144' title='bbox 1759 2458 2044 2537; x_wconf 74' lang='lat' dir='ltr'>Bishop’s</span> <span class='ocrx_word' id='word_1_145' title='bbox 2080 2459 2244 2538; x_wconf 80' lang='lat' dir='ltr'>park</span> <span class='ocrx_word' id='word_1_146' title='bbox 2284 2467 2351 2519; x_wconf 75' lang='lat' dir='ltr'>at</span> <span class='ocrx_word' id='word_1_147' title='bbox 2394 2460 2701 2538; x_wconf 74' lang='lat' dir='ltr'>Ledbury.</span> 
     </span>
    </p>
   </div>
   <div class='ocr_carea' id='block_1_6' title="bbox 337 2615 2795 2907">
    <p class='ocr_par' dir='ltr' id='par_1_6' title="bbox 337 2615 2795 2907">
     <span class='ocr_line' id='line_1_20' title="bbox 494 2615 2795 2694; baseline -0 -16"><span class='ocrx_word' id='word_1_148' title='bbox 494 2617 722 2679; x_wconf 67' lang='lat' dir='ltr'>Consu</span> <span class='ocrx_word' id='word_1_149' title='bbox 777 2615 1274 2675; x_wconf 58' lang='lat' dir='ltr'>Biton—Breve</span> <span class='ocrx_word' id='word_1_150' title='bbox 1328 2633 1440 2693; x_wconf 86' lang='lat' dir='ltr'>per</span> <span class='ocrx_word' id='word_1_151' title='bbox 1487 2615 1654 2694; x_wconf 89' lang='lat' dir='ltr'>quod</span> <span class='ocrx_word' id='word_1_152' title='bbox 1715 2616 2068 2694; x_wconf 82' lang='lat' dir='ltr'>Episcopus</span> <span class='ocrx_word' id='word_1_153' title='bbox 2139 2616 2617 2677; x_wconf 86' lang='lat' dir='ltr'>Herefordensis</span> <span class='ocrx_word' id='word_1_154' title='bbox 2678 2617 2795 2677; x_wconf 89' lang='lat' dir='ltr'>im·</span> 
     </span>
     <span class='ocr_line' id='line_1_21' title="bbox 337 2719 2783 2801; baseline 0.001 -20"><span class='ocrx_word' id='word_1_155' title='bbox 337 2722 590 2801; x_wconf 80' lang='lat' dir='ltr'>placitat</span> <span class='ocrx_word' id='word_1_156' title='bbox 658 2721 1017 2782; x_wconf 86' lang='lat' dir='ltr'>Johannem</span> <span class='ocrx_word' id='word_1_157' title='bbox 1088 2719 1351 2781; x_wconf 86' lang='lat' dir='ltr'>Dabitot</span> <span class='ocrx_word' id='word_1_158' title='bbox 1406 2720 1484 2781; x_wconf 87' lang='lat' dir='ltr'>de</span> <span class='ocrx_word' id='word_1_159' title='bbox 1541 2722 2035 2800; x_wconf 74' lang='lat' dir='ltr'>transgressione</span> <span class='ocrx_word' id='word_1_160' title='bbox 2099 2722 2268 2782; x_wconf 80' lang='lat' dir='ltr'>facta</span> <span class='ocrx_word' id='word_1_161' title='bbox 2337 2722 2403 2782; x_wconf 92' lang='lat' dir='ltr'>in</span> <span class='ocrx_word' id='word_1_162' title='bbox 2459 2742 2649 2801; x_wconf 85' lang='lat' dir='ltr'>parco</span> <span class='ocrx_word' id='word_1_163' title='bbox 2705 2724 2783 2783; x_wconf 87' lang='lat' dir='ltr'>de</span> 
     </span>
     <span class='ocr_line' id='line_1_22' title="bbox 339 2826 1562 2907; baseline -0.002 -18"><span class='ocrx_word' id='word_1_164' title='bbox 339 2828 664 2907; x_wconf 84' lang='lat' dir='ltr'>Ledebury</span> <span class='ocrx_word' id='word_1_165' title='bbox 704 2828 770 2887; x_wconf 91' lang='lat' dir='ltr'>in</span> <span class='ocrx_word' id='word_1_166' title='bbox 813 2827 1130 2888; x_wconf 88' lang='lat' dir='ltr'>Comitatu</span> <span class='ocrx_word' id='word_1_167' title='bbox 1175 2826 1562 2888; x_wconf 81' lang='lat' dir='ltr'>Herefordie.</span> 
     </span>
    </p>
   </div>
   <div class='ocr_carea' id='block_1_7' title="bbox 333 2969 2799 4960">
    <p class='ocr_par' dir='ltr' id='par_1_7' title="bbox 333 2969 2799 4960">
     <span class='ocr_line' id='line_1_23' title="bbox 491 2969 2789 3048; baseline 0 -17"><span class='ocrx_word' id='word_1_168' title='bbox 491 2971 868 3041; x_wconf 87' lang='lat' dir='ltr'>Edwardus‚</span> <span class='ocrx_word' id='word_1_169' title='bbox 894 2976 1013 3030; x_wconf 87' lang='lat' dir='ltr'>etc.</span> <span class='ocrx_word' id='word_1_170' title='bbox 1103 2970 1168 3029; x_wconf 90' lang='lat' dir='ltr'>Si</span> <span class='ocrx_word' id='word_1_171' title='bbox 1211 2969 1504 3041; x_wconf 82' lang='lat' dir='ltr'>ThomaS,</span> <span class='ocrx_word' id='word_1_172' title='bbox 1538 2969 1891 3048; x_wconf 81' lang='lat' dir='ltr'>Episcopus</span> <span class='ocrx_word' id='word_1_173' title='bbox 1938 2970 2438 3041; x_wconf 78' lang='lat' dir='ltr'>HerefordensiS,</span> <span class='ocrx_word' id='word_1_174' title='bbox 2478 2970 2692 3031; x_wconf 79' lang='lat' dir='ltr'>fecerit</span> <span class='ocrx_word' id='word_1_175' title='bbox 2723 2976 2789 3032; x_wconf 88' lang='lat' dir='ltr'>te</span> 
     </span>
     <span class='ocr_line' id='line_1_24' title="bbox 337 3075 2789 3156; baseline 0.001 -19"><span class='ocrx_word' id='word_1_176' title='bbox 337 3097 620 3138; x_wconf 89' lang='lat' dir='ltr'>securum</span> <span class='ocrx_word' id='word_1_177' title='bbox 666 3076 743 3136; x_wconf 83' lang='lat' dir='ltr'>de</span> <span class='ocrx_word' id='word_1_178' title='bbox 784 3077 1022 3137; x_wconf 83' lang='lat' dir='ltr'>clameo</span> <span class='ocrx_word' id='word_1_179' title='bbox 1065 3095 1177 3137; x_wconf 90' lang='lat' dir='ltr'>suo</span> <span class='ocrx_word' id='word_1_180' title='bbox 1205 3075 1656 3156; x_wconf 84' lang='lat' dir='ltr'>prosequendo,</span> <span class='ocrx_word' id='word_1_181' title='bbox 1687 3082 1841 3136; x_wconf 91' lang='lat' dir='ltr'>tunc</span> <span class='ocrx_word' id='word_1_182' title='bbox 1877 3095 2276 3137; x_wconf 90' lang='lat' dir='ltr'>summoneas</span> <span class='ocrx_word' id='word_1_183' title='bbox 2304 3096 2414 3155; x_wconf 91' lang='lat' dir='ltr'>per</span> <span class='ocrx_word' id='word_1_184' title='bbox 2442 3078 2695 3138; x_wconf 86' lang='lat' dir='ltr'>vadium</span> <span class='ocrx_word' id='word_1_185' title='bbox 2724 3085 2789 3139; x_wconf 89' lang='lat' dir='ltr'>et</span> 
     </span>
     <span class='ocr_line' id='line_1_25' title="bbox 335 3182 2792 3263; baseline -0.001 -18"><span class='ocrx_word' id='word_1_186' title='bbox 335 3184 538 3245; x_wconf 81' lang='lat' dir='ltr'>salvos</span> <span class='ocrx_word' id='word_1_187' title='bbox 581 3184 821 3263; x_wconf 84' lang='lat' dir='ltr'>plegios</span> <span class='ocrx_word' id='word_1_188' title='bbox 867 3182 1223 3244; x_wconf 69' lang='lat' dir='ltr'>«Iohannem</span> <span class='ocrx_word' id='word_1_189' title='bbox 1273 3182 1555 3253; x_wconf 88' lang='lat' dir='ltr'>Dabitot,</span> <span class='ocrx_word' id='word_1_190' title='bbox 1593 3182 1761 3262; x_wconf 87' lang='lat' dir='ltr'>quod</span> <span class='ocrx_word' id='word_1_191' title='bbox 1808 3182 1889 3243; x_wconf 91' lang='lat' dir='ltr'>sit</span> <span class='ocrx_word' id='word_1_192' title='bbox 1936 3202 2147 3242; x_wconf 89' lang='lat' dir='ltr'>coram</span> <span class='ocrx_word' id='word_1_193' title='bbox 2194 3183 2374 3243; x_wconf 89' lang='lat' dir='ltr'>nobis</span> <span class='ocrx_word' id='word_1_194' title='bbox 2422 3184 2485 3243; x_wconf 92' lang='lat' dir='ltr'>in</span> <span class='ocrx_word' id='word_1_195' title='bbox 2534 3184 2792 3245; x_wconf 87' lang='lat' dir='ltr'>Octabis</span> 
     </span>
     <span class='ocr_line' id='line_1_26' title="bbox 336 3287 2787 3369; baseline 0 -19"><span class='ocrx_word' id='word_1_196' title='bbox 336 3289 562 3351; x_wconf 83' lang='lat' dir='ltr'>Sancte</span> <span class='ocrx_word' id='word_1_197' title='bbox 600 3288 946 3359; x_wconf 74' lang='lat' dir='ltr'>Trinitatis,</span> <span class='ocrx_word' id='word_1_198' title='bbox 981 3287 1354 3367; x_wconf 89' lang='lat' dir='ltr'>ubicunque,</span> <span class='ocrx_word' id='word_1_199' title='bbox 1386 3296 1527 3360; x_wconf 66' lang='lat' dir='ltr'>etc„</span> <span class='ocrx_word' id='word_1_200' title='bbox 1560 3289 1637 3349; x_wconf 84' lang='lat' dir='ltr'>ad</span> <span class='ocrx_word' id='word_1_201' title='bbox 1677 3288 2181 3366; x_wconf 85' lang='lat' dir='ltr'>respondendum</span> <span class='ocrx_word' id='word_1_202' title='bbox 2225 3290 2427 3350; x_wconf 85' lang='lat' dir='ltr'>eidem</span> <span class='ocrx_word' id='word_1_203' title='bbox 2470 3290 2787 3369; x_wconf 81' lang='lat' dir='ltr'>Episcopo</span> 
     </span>
     <span class='ocr_line' id='line_1_27' title="bbox 336 3393 2795 3475; baseline 0.001 -20"><span class='ocrx_word' id='word_1_204' title='bbox 336 3414 520 3474; x_wconf 85' lang='lat' dir='ltr'>quare</span> <span class='ocrx_word' id='word_1_205' title='bbox 563 3413 826 3473; x_wconf 88' lang='lat' dir='ltr'>parcum</span> <span class='ocrx_word' id='word_1_206' title='bbox 868 3413 1049 3454; x_wconf 91' lang='lat' dir='ltr'>suum</span> <span class='ocrx_word' id='word_1_207' title='bbox 1093 3393 1170 3453; x_wconf 83' lang='lat' dir='ltr'>de</span> <span class='ocrx_word' id='word_1_208' title='bbox 1215 3394 1544 3474; x_wconf 85' lang='lat' dir='ltr'>Ledebury</span> <span class='ocrx_word' id='word_1_209' title='bbox 1572 3394 1774 3472; x_wconf 87' lang='lat' dir='ltr'>fregit,</span> <span class='ocrx_word' id='word_1_210' title='bbox 1808 3403 1871 3454; x_wconf 90' lang='lat' dir='ltr'>et</span> <span class='ocrx_word' id='word_1_211' title='bbox 1904 3396 1967 3453; x_wconf 89' lang='lat' dir='ltr'>in</span> <span class='ocrx_word' id='word_1_212' title='bbox 2008 3396 2225 3455; x_wconf 89' lang='lat' dir='ltr'>eodem</span> <span class='ocrx_word' id='word_1_213' title='bbox 2259 3396 2423 3456; x_wconf 84' lang='lat' dir='ltr'>feras</span> <span class='ocrx_word' id='word_1_214' title='bbox 2452 3415 2601 3457; x_wconf 88' lang='lat' dir='ltr'>suas</span> <span class='ocrx_word' id='word_1_215' title='bbox 2629 3397 2795 3475; x_wconf 88' lang='lat' dir='ltr'>cepit</span> 
     </span>
     <span class='ocr_line' id='line_1_28' title="bbox 335 3499 2785 3580; baseline 0.002 -21"><span class='ocrx_word' id='word_1_216' title='bbox 335 3506 666 3561; x_wconf 72' lang='lat' dir='ltr'>noctanter</span> <span class='ocrx_word' id='word_1_217' title='bbox 682 3504 900 3560; x_wconf 88' lang='lat' dir='ltr'>contra</span> <span class='ocrx_word' id='word_1_218' title='bbox 926 3518 1165 3577; x_wconf 80' lang='lat' dir='ltr'>pacem,</span> <span class='ocrx_word' id='word_1_219' title='bbox 1191 3511 1310 3559; x_wconf 88' lang='lat' dir='ltr'>etc.</span> <span class='ocrx_word' id='word_1_220' title='bbox 1398 3500 1473 3559; x_wconf 93' lang='lat' dir='ltr'>In</span> <span class='ocrx_word' id='word_1_221' title='bbox 1508 3499 1763 3560; x_wconf 86' lang='lat' dir='ltr'>Octabis</span> <span class='ocrx_word' id='word_1_222' title='bbox 1797 3500 2023 3560; x_wconf 80' lang='lat' dir='ltr'>Sancte</span> <span class='ocrx_word' id='word_1_223' title='bbox 2054 3500 2382 3561; x_wconf 81' lang='lat' dir='ltr'>Trinitatis</span> <span class='ocrx_word' id='word_1_224' title='bbox 2411 3502 2785 3580; x_wconf 82' lang='lat' dir='ltr'>EpiscopuS,</span> 
     </span>
     <span class='ocr_line' id='line_1_29' title="bbox 334 3606 2796 3685; baseline 0.001 -19"><span class='ocrx_word' id='word_1_225' title='bbox 334 3626 438 3685; x_wconf 86' lang='lat' dir='ltr'>per</span> <span class='ocrx_word' id='word_1_226' title='bbox 483 3625 552 3666; x_wconf 91' lang='lat' dir='ltr'>se</span> <span class='ocrx_word' id='word_1_227' title='bbox 602 3606 701 3665; x_wconf 90' lang='lat' dir='ltr'>vel</span> <span class='ocrx_word' id='word_1_228' title='bbox 756 3624 868 3684; x_wconf 83' lang='lat' dir='ltr'>per</span> <span class='ocrx_word' id='word_1_229' title='bbox 920 3610 1160 3665; x_wconf 88' lang='lat' dir='ltr'>certum</span> <span class='ocrx_word' id='word_1_230' title='bbox 1217 3610 1630 3677; x_wconf 86' lang='lat' dir='ltr'>attornatum,</span> <span class='ocrx_word' id='word_1_231' title='bbox 1681 3625 1867 3685; x_wconf 89' lang='lat' dir='ltr'>quem</span> <span class='ocrx_word' id='word_1_232' title='bbox 1922 3607 2019 3667; x_wconf 87' lang='lat' dir='ltr'>vel</span> <span class='ocrx_word' id='word_1_233' title='bbox 2068 3626 2225 3685; x_wconf 89' lang='lat' dir='ltr'>quos</span> <span class='ocrx_word' id='word_1_234' title='bbox 2277 3607 2464 3667; x_wconf 87' lang='lat' dir='ltr'>faciet</span> <span class='ocrx_word' id='word_1_235' title='bbox 2515 3609 2579 3667; x_wconf 93' lang='lat' dir='ltr'>in</span> <span class='ocrx_word' id='word_1_236' title='bbox 2626 3609 2796 3669; x_wconf 86' lang='lat' dir='ltr'>dicto</span> 
     </span>
     <span class='ocr_line' id='line_1_30' title="bbox 333 3710 2794 3792; baseline 0.001 -21"><span class='ocrx_word' id='word_1_237' title='bbox 333 3712 584 3791; x_wconf 82' lang='lat' dir='ltr'>placito,</span> <span class='ocrx_word' id='word_1_238' title='bbox 636 3710 858 3771; x_wconf 86' lang='lat' dir='ltr'>offerat</span> <span class='ocrx_word' id='word_1_239' title='bbox 907 3729 974 3771; x_wconf 90' lang='lat' dir='ltr'>se</span> <span class='ocrx_word' id='word_1_240' title='bbox 1023 3730 1238 3771; x_wconf 88' lang='lat' dir='ltr'>versus</span> <span class='ocrx_word' id='word_1_241' title='bbox 1284 3711 1520 3771; x_wconf 83' lang='lat' dir='ltr'>dictum</span> <span class='ocrx_word' id='word_1_242' title='bbox 1570 3711 1952 3783; x_wconf 78' lang='lat' dir='ltr'>Johannem,</span> <span class='ocrx_word' id='word_1_243' title='bbox 2008 3717 2070 3771; x_wconf 94' lang='lat' dir='ltr'>et</span> <span class='ocrx_word' id='word_1_244' title='bbox 2120 3720 2407 3773; x_wconf 86' lang='lat' dir='ltr'>narretur</span> <span class='ocrx_word' id='word_1_245' title='bbox 2459 3732 2606 3792; x_wconf 88' lang='lat' dir='ltr'>erga</span> <span class='ocrx_word' id='word_1_246' title='bbox 2650 3734 2794 3774; x_wconf 89' lang='lat' dir='ltr'>eum</span> 
     </span>
     <span class='ocr_line' id='line_1_31' title="bbox 335 3818 2795 3900; baseline 0.001 -20"><span class='ocrx_word' id='word_1_247' title='bbox 335 3818 678 3880; x_wconf 84' lang='lat' dir='ltr'>secundum</span> <span class='ocrx_word' id='word_1_248' title='bbox 755 3823 1034 3878; x_wconf 88' lang='lat' dir='ltr'>tenorem</span> <span class='ocrx_word' id='word_1_249' title='bbox 1116 3818 1320 3878; x_wconf 87' lang='lat' dir='ltr'>brevis</span> <span class='ocrx_word' id='word_1_250' title='bbox 1401 3818 1739 3896; x_wconf 72' lang='lat' dir='ltr'>originalia,</span> <span class='ocrx_word' id='word_1_251' title='bbox 1814 3819 1993 3896; x_wconf 84' lang='lat' dir='ltr'>cujus</span> <span class='ocrx_word' id='word_1_252' title='bbox 2083 3820 2531 3899; x_wconf 83' lang='lat' dir='ltr'>transcriptum</span> <span class='ocrx_word' id='word_1_253' title='bbox 2617 3826 2795 3900; x_wconf 86' lang='lat' dir='ltr'>patet</span> 
     </span>
     <span class='ocr_line' id='line_1_32' title="bbox 335 3923 2792 3995; baseline 0.001 -11"><span class='ocrx_word' id='word_1_254' title='bbox 335 3925 610 3985; x_wconf 80' lang='lat' dir='ltr'>inferius,</span> <span class='ocrx_word' id='word_1_255' title='bbox 751 3923 838 3983; x_wconf 83' lang='lat' dir='ltr'>Et</span> <span class='ocrx_word' id='word_1_256' title='bbox 907 3923 960 3984; x_wconf 90' lang='lat' dir='ltr'>si</span> <span class='ocrx_word' id='word_1_257' title='bbox 1029 3942 1284 3985; x_wconf 87' lang='lat' dir='ltr'>necesse</span> <span class='ocrx_word' id='word_1_258' title='bbox 1353 3923 1454 3995; x_wconf 90' lang='lat' dir='ltr'>sit,</span> <span class='ocrx_word' id='word_1_259' title='bbox 1527 3924 1638 3983; x_wconf 90' lang='lat' dir='ltr'>fiat</span> <span class='ocrx_word' id='word_1_260' title='bbox 1711 3924 1954 3983; x_wconf 91' lang='lat' dir='ltr'>mencio</span> <span class='ocrx_word' id='word_1_261' title='bbox 2041 3924 2106 3983; x_wconf 90' lang='lat' dir='ltr'>in</span> <span class='ocrx_word' id='word_1_262' title='bbox 2190 3923 2357 3985; x_wconf 86' lang='lat' dir='ltr'>dicta</span> <span class='ocrx_word' id='word_1_263' title='bbox 2428 3927 2792 3987; x_wconf 86' lang='lat' dir='ltr'>narracione</span> 
     </span>
     <span class='ocr_line' id='line_1_33' title="bbox 335 4029 2795 4111; baseline 0 -20"><span class='ocrx_word' id='word_1_264' title='bbox 335 4032 496 4111; x_wconf 85' lang='lat' dir='ltr'>quod</span> <span class='ocrx_word' id='word_1_265' title='bbox 554 4030 725 4091; x_wconf 89' lang='lat' dir='ltr'>idem</span> <span class='ocrx_word' id='word_1_266' title='bbox 792 4030 1135 4102; x_wconf 85' lang='lat' dir='ltr'>Johannes,</span> <span class='ocrx_word' id='word_1_267' title='bbox 1203 4030 1309 4109; x_wconf 92' lang='lat' dir='ltr'>qui</span> <span class='ocrx_word' id='word_1_268' title='bbox 1379 4037 1594 4090; x_wconf 90' lang='lat' dir='ltr'>manet</span> <span class='ocrx_word' id='word_1_269' title='bbox 1663 4031 1728 4088; x_wconf 91' lang='lat' dir='ltr'>in</span> <span class='ocrx_word' id='word_1_270' title='bbox 1801 4029 2121 4091; x_wconf 86' lang='lat' dir='ltr'>Comitatu</span> <span class='ocrx_word' id='word_1_271' title='bbox 2192 4030 2551 4108; x_wconf 88' lang='lat' dir='ltr'>Wygornie,</span> <span class='ocrx_word' id='word_1_272' title='bbox 2622 4030 2795 4092; x_wconf 87' lang='lat' dir='ltr'>venit</span> 
     </span>
     <span class='ocr_line' id='line_1_34' title="bbox 335 4136 2793 4214; baseline -0.001 -16"><span class='ocrx_word' id='word_1_273' title='bbox 335 4144 683 4209; x_wconf 85' lang='lat' dir='ltr'>noctanter,</span> <span class='ocrx_word' id='word_1_274' title='bbox 755 4137 856 4196; x_wconf 84' lang='lat' dir='ltr'>die</span> <span class='ocrx_word' id='word_1_275' title='bbox 924 4136 1104 4197; x_wconf 87' lang='lat' dir='ltr'>Lune</span> <span class='ocrx_word' id='word_1_276' title='bbox 1177 4136 1460 4214; x_wconf 89' lang='lat' dir='ltr'>proximo</span> <span class='ocrx_word' id='word_1_277' title='bbox 1536 4141 1677 4213; x_wconf 90' lang='lat' dir='ltr'>post</span> <span class='ocrx_word' id='word_1_278' title='bbox 1741 4136 2224 4196; x_wconf 85' lang='lat' dir='ltr'>Conversionem</span> <span class='ocrx_word' id='word_1_279' title='bbox 2303 4136 2518 4196; x_wconf 84' lang='lat' dir='ltr'>Sancti</span> <span class='ocrx_word' id='word_1_280' title='bbox 2588 4136 2793 4209; x_wconf 89' lang='lat' dir='ltr'>Pauli,</span> 
     </span>
     <span class='ocr_line' id='line_1_35' title="bbox 334 4240 2795 4325; baseline -0.001 -21"><span class='ocrx_word' id='word_1_281' title='bbox 334 4262 495 4304; x_wconf 82' lang='lat' dir='ltr'>auno</span> <span class='ocrx_word' id='word_1_282' title='bbox 553 4242 728 4321; x_wconf 88' lang='lat' dir='ltr'>regni</span> <span class='ocrx_word' id='word_1_283' title='bbox 796 4241 984 4319; x_wconf 86' lang='lat' dir='ltr'>Regis</span> <span class='ocrx_word' id='word_1_284' title='bbox 1053 4240 1409 4325; x_wconf 78' lang='lat' dir='ltr'>E[dwardi]</span> <span class='ocrx_word' id='word_1_285' title='bbox 1485 4246 1728 4321; x_wconf 89' lang='lat' dir='ltr'>quarto,</span> <span class='ocrx_word' id='word_1_286' title='bbox 1800 4241 1879 4301; x_wconf 86' lang='lat' dir='ltr'>ad</span> <span class='ocrx_word' id='word_1_287' title='bbox 1950 4260 2209 4319; x_wconf 89' lang='lat' dir='ltr'>parcum</span> <span class='ocrx_word' id='word_1_288' title='bbox 2274 4241 2425 4300; x_wconf 85' lang='lat' dir='ltr'>dicti</span> <span class='ocrx_word' id='word_1_289' title='bbox 2496 4241 2795 4321; x_wconf 86' lang='lat' dir='ltr'>Episcopi</span> 
     </span>
     <span class='ocr_line' id='line_1_36' title="bbox 335 4346 2797 4427; baseline 0 -19"><span class='ocrx_word' id='word_1_290' title='bbox 335 4346 814 4408; x_wconf 78' lang='lat' dir='ltr'>Herefordensis</span> <span class='ocrx_word' id='word_1_291' title='bbox 873 4346 951 4406; x_wconf 89' lang='lat' dir='ltr'>de</span> <span class='ocrx_word' id='word_1_292' title='bbox 1020 4346 1372 4426; x_wconf 82' lang='lat' dir='ltr'>Ledebury‚</span> <span class='ocrx_word' id='word_1_293' title='bbox 1444 4347 1551 4427; x_wconf 89' lang='lat' dir='ltr'>qui</span> <span class='ocrx_word' id='word_1_294' title='bbox 1619 4366 1849 4424; x_wconf 78' lang='lat' dir='ltr'>parcus</span> <span class='ocrx_word' id='word_1_295' title='bbox 1876 4354 2167 4407; x_wconf 85' lang='lat' dir='ltr'>·vocatur</span> <span class='ocrx_word' id='word_1_296' title='bbox 2239 4347 2672 4425; x_wconf 86' lang='lat' dir='ltr'>Dulingwode,</span> <span class='ocrx_word' id='word_1_297' title='bbox 2732 4354 2797 4409; x_wconf 85' lang='lat' dir='ltr'>et</span> 
     </span>
     <span class='ocr_line' id='line_1_37' title="bbox 336 4454 2799 4535; baseline 0 -18"><span class='ocrx_word' id='word_1_298' title='bbox 336 4457 647 4517; x_wconf 87' lang='lat' dir='ltr'>Robertus</span> <span class='ocrx_word' id='word_1_299' title='bbox 732 4455 900 4517; x_wconf 86' lang='lat' dir='ltr'>filius</span> <span class='ocrx_word' id='word_1_300' title='bbox 985 4455 1236 4516; x_wconf 84' lang='lat' dir='ltr'>Ricardi</span> <span class='ocrx_word' id='word_1_301' title='bbox 1324 4455 1600 4535; x_wconf 90' lang='lat' dir='ltr'>Dapetot</span> <span class='ocrx_word' id='word_1_302' title='bbox 1677 4475 1820 4516; x_wconf 90' lang='lat' dir='ltr'>cum</span> <span class='ocrx_word' id='word_1_303' title='bbox 1900 4475 1993 4526; x_wconf 89' lang='lat' dir='ltr'>eo,</span> <span class='ocrx_word' id='word_1_304' title='bbox 2068 4462 2131 4515; x_wconf 90' lang='lat' dir='ltr'>et</span> <span class='ocrx_word' id='word_1_305' title='bbox 2217 4454 2451 4516; x_wconf 85' lang='lat' dir='ltr'>dictum</span> <span class='ocrx_word' id='word_1_306' title='bbox 2536 4476 2799 4535; x_wconf 86' lang='lat' dir='ltr'>parcum</span> 
     </span>
     <span class='ocr_line' id='line_1_38' title="bbox 335 4562 2793 4642; baseline 0 -20"><span class='ocrx_word' id='word_1_307' title='bbox 335 4562 670 4642; x_wconf 78' lang='lat' dir='ltr'>fregerunt,</span> <span class='ocrx_word' id='word_1_308' title='bbox 750 4568 814 4623; x_wconf 88' lang='lat' dir='ltr'>et</span> <span class='ocrx_word' id='word_1_309' title='bbox 889 4580 1080 4622; x_wconf 88' lang='lat' dir='ltr'>unam</span> <span class='ocrx_word' id='word_1_310' title='bbox 1159 4562 1410 4623; x_wconf 85' lang='lat' dir='ltr'>damam</span> <span class='ocrx_word' id='word_1_311' title='bbox 1495 4562 1855 4623; x_wconf 82' lang='lat' dir='ltr'>occiderunt</span> <span class='ocrx_word' id='word_1_312' title='bbox 1936 4569 1999 4622; x_wconf 88' lang='lat' dir='ltr'>et</span> <span class='ocrx_word' id='word_1_313' title='bbox 2074 4568 2573 4640; x_wconf 84' lang='lat' dir='ltr'>asportaverunt,</span> <span class='ocrx_word' id='word_1_314' title='bbox 2647 4570 2793 4637; x_wconf 65' lang='lat' dir='ltr'>etc„</span> 
     </span>
     <span class='ocr_line' id='line_1_39' title="bbox 337 4668 2783 4749; baseline 0.001 -19"><span class='ocrx_word' id='word_1_315' title='bbox 337 4676 553 4731; x_wconf 86' lang='lat' dir='ltr'>contra</span> <span class='ocrx_word' id='word_1_316' title='bbox 588 4688 830 4748; x_wconf 83' lang='lat' dir='ltr'>pacem,</span> <span class='ocrx_word' id='word_1_317' title='bbox 871 4674 1012 4740; x_wconf 72' lang='lat' dir='ltr'>etc„</span> <span class='ocrx_word' id='word_1_318' title='bbox 1058 4668 1136 4729; x_wconf 87' lang='lat' dir='ltr'>ad</span> <span class='ocrx_word' id='word_1_319' title='bbox 1176 4668 1521 4748; x_wconf 83' lang='lat' dir='ltr'>dampnum</span> <span class='ocrx_word' id='word_1_320' title='bbox 1563 4678 1627 4730; x_wconf 89' lang='lat' dir='ltr'>et</span> <span class='ocrx_word' id='word_1_321' title='bbox 1670 4668 2227 4730; x_wconf 84' lang='lat' dir='ltr'>deterioracionem</span> <span class='ocrx_word' id='word_1_322' title='bbox 2270 4669 2423 4729; x_wconf 83' lang='lat' dir='ltr'>dicti</span> <span class='ocrx_word' id='word_1_323' title='bbox 2468 4669 2783 4749; x_wconf 86' lang='lat' dir='ltr'>Episcopi,</span> 
     </span>
     <span class='ocr_line' id='line_1_40' title="bbox 336 4773 2791 4855; baseline 0 -18"><span class='ocrx_word' id='word_1_324' title='bbox 336 4781 453 4837; x_wconf 85' lang='lat' dir='ltr'>etc.</span> <span class='ocrx_word' id='word_1_325' title='bbox 537 4775 846 4837; x_wconf 83' lang='lat' dir='ltr'>Videatur</span> <span class='ocrx_word' id='word_1_326' title='bbox 886 4774 940 4835; x_wconf 85' lang='lat' dir='ltr'>si</span> <span class='ocrx_word' id='word_1_327' title='bbox 981 4774 1286 4835; x_wconf 84' lang='lat' dir='ltr'>Ricardus</span> <span class='ocrx_word' id='word_1_328' title='bbox 1330 4777 1606 4854; x_wconf 89' lang='lat' dir='ltr'>Dapetot</span> <span class='ocrx_word' id='word_1_329' title='bbox 1648 4776 2006 4836; x_wconf 84' lang='lat' dir='ltr'>nominetur</span> <span class='ocrx_word' id='word_1_330' title='bbox 2045 4775 2112 4833; x_wconf 93' lang='lat' dir='ltr'>in</span> <span class='ocrx_word' id='word_1_331' title='bbox 2155 4773 2351 4836; x_wconf 87' lang='lat' dir='ltr'>brevi.</span> <span class='ocrx_word' id='word_1_332' title='bbox 2438 4774 2791 4855; x_wconf 88' lang='lat' dir='ltr'>Episcopus</span> 
     </span>
     <span class='ocr_line' id='line_1_41' title="bbox 335 4880 1564 4960; baseline 0.002 -19"><span class='ocrx_word' id='word_1_333' title='bbox 335 4880 522 4943; x_wconf 79' lang='lat' dir='ltr'>iaciat</span> <span class='ocrx_word' id='word_1_334' title='bbox 563 4888 954 4943; x_wconf 86' lang='lat' dir='ltr'>attornatum</span> <span class='ocrx_word' id='word_1_335' title='bbox 996 4881 1062 4941; x_wconf 91' lang='lat' dir='ltr'>in</span> <span class='ocrx_word' id='word_1_336' title='bbox 1105 4880 1272 4942; x_wconf 85' lang='lat' dir='ltr'>dicto</span> <span class='ocrx_word' id='word_1_337' title='bbox 1313 4882 1564 4960; x_wconf 83' lang='lat' dir='ltr'>placito.</span> 
     </span>
    </p>
   </div>
  </div>
 </body>
</html>
