3459 5617
602 517 723 577 300
1264 518 1621 597 Reqistrum
1676 518 1898 581 Thome
1952 520 2026 581 de
2085 520 2416 599 Cantilupo

600 742 831 819 Davyd
874 742 950 801 de
995 742 1324 822 Glyfforde,
1370 743 1451 804 ad
1495 745 2032 823 presentaeionem
2088 744 2309 806 Viearii
2358 744 2434 805 de
2477 744 2860 805 Yavesoure.

604 848 955 909 Willelmus
1017 849 1094 909 de
1161 849 1500 928 Markleye,
1568 850 1648 909 ad
1710 850 2250 929 presentaeionem
2325 851 2595 911 Domine
2666 849 2924 911 Juliane
2992 849 3078 911 de

1009 954 1265 1033 Tregoz.

601 1059 827 1119 Petrus
870 1060 1243 1132 Tadestone,
1290 1061 1369 1121 ad
1412 1064 1954 1140 presentacionem
1997 1062 2256 1123 Roberti
2301 1062 2614 1123 Corebett.

602 1164 947 1226 Nionolaus
991 1166 1067 1225 de
1112 1166 1325 1239 Clone,
1371 1167 1448 1227 ad
1496 1168 1753 1228 titulum
1796 1168 2174 1246 patrimonii.

598 1271 925 1343 Ricardus,
970 1272 1139 1333 filius
1180 1272 1399 1333 Jacobi
1452 1273 1529 1333 de
1585 1273 2037 1353 Temedebury,
2097 1274 2179 1335 ad
2235 1274 2775 1353 presentaeionem
2831 1274 3072 1336 Viearii

1006 1381 1084 1439 de
1127 1380 1538 1441 Racheforde.

602 1486 755 1545 Milo
798 1486 875 1545 de
919 1486 1310 1558 Radenoure,
1357 1487 1436 1547 ad
1480 1486 1737 1548 titulum
1784 1487 2166 1566 patrimonii.

763 1652 1145 1713 Ducem.—

602 1780 951 1841 Willelmus
995 1781 1071 1842 de
1118 1782 1567 1853 Monekelowe‚
1614 1782 1694 1843 ad
1737 1784 1991 1844 titulum
2037 1784 2418 1863 patrimonii.

594 1887 925 1966 Philippus
966 1888 1044 1947 de
1090 1888 1585 1967 Montegomery,
1632 1890 1710 1949 ad
1754 1890 2008 1949 titulum
2053 1890 2440 1968 patrimonii.

597 1992 951 2053 Willelmus
994 1994 1399 2073 Gladewyne,
1444 1995 1525 2055 ad
1568 1995 1826 2055 titulum
1870 1996 2237 2056 Saeristarie
2281 1996 2358 2055 de
2405 1994 2754 2055 Winstane.

596 2102 784 2178 Hugo
827 2101 902 2160 de
948 2100 1321 2172 Stauntone‚
1369 2101 1448 2161 ad
1494 2101 1750 2161 titulum
1791 2100 2174 2180 patrimonii.

592 2206 871 2267 Thomas
914 2207 990 2267 de
1034 2207 1246 2278 Clone,
1290 2207 1367 2267 ad
1420 2207 1673 2267 titulum
1729 2208 2112 2286 patrimonii,
2172 2226 2283 2285 pro
2338 2226 2462 2286 quo
2517 2206 2686 2267 eavit
2749 2205 3053 2285 Magister

1004 2312 1103 2372 W.
1150 2311 1228 2372 de
1272 2312 1626 2374 Lodelawe.

589 2416 919 2479 Johannes
960 2417 1037 2478 de
1081 2418 1294 2491 Clone‚
1339 2438 1447 2497 per
1490 2418 1766 2479 litteram
1811 2418 2067 2479 Domini
2111 2418 2374 2479 Walteri
2415 2418 2494 2479 de
2539 2418 2865 2498 Hoptone.

596 2524 832 2602 Symon
860 2524 937 2585 de
972 2524 1290 2595 Westone,
1321 2524 1402 2585 ad
1429 2526 1972 2604 presentaeionem
2009 2524 2296 2604 Magistri
2328 2524 2678 2604 Hospitalis
2709 2524 3064 2604 Ledebyry.

597 2630 949 2691 Willelmus
988 2630 1359 2707 Tuggeford,
1404 2630 1483 2690 ad
1529 2630 1784 2690 titulum
1831 2632 2212 2709 patrimonii.

591 2736 873 2813 Rogerus
914 2736 991 2796 de
1034 2735 1432 2814 Ullingwike,
1480 2736 1561 2795 ad
1596 2736 1854 2795 titulum
1897 2736 2279 2815 patrimonii.

588 2842 871 2920 Rogerus
912 2842 991 2901 de
1033 2842 1241 2901 Parva
1284 2840 1677 2913 Herefordia,
1724 2842 1806 2902 ad
1842 2842 2099 2902 titulum
2141 2842 2525 2920 patrimonii.

591 2946 897 3007 Ricardus
939 2947 1017 3007 de
1060 2946 1431 3025 Bromyard,
1493 2947 1575 3007 ad
1618 2948 1892 3026 graciam
1937 2956 2011 3009 ut
2053 2948 2245 3027 prius.

588 3053 929 3131 Gregorius
970 3052 1048 3112 de
1091 3052 1446 3131 Laugaran‚
1493 3053 1575 3114 ad
1614 3052 1873 3114 titulum
1919 3061 1989 3114 ut
2031 3054 2225 3133 prius.

588 3157 905 3219 Robertus
948 3158 1025 3218 de
1067 3158 1506 3229 Leoministre,
1554 3158 1634 3218 ad
1678 3158 1936 3219 titulum
1979 3159 2360 3237 patrimonii.

591 3264 912 3325 Walterus
956 3264 1033 3323 de
1078 3263 1401 3334 Wenloke,
1448 3265 1528 3323 ad
1571 3264 1829 3324 titulum
1872 3264 2252 3342 patrimonii.

588 3370 866 3431 Thomas
936 3370 1013 3430 de
1073 3369 1523 3449 Wymfretone.
1586 3370 1665 3430 ad
1726 3370 1982 3430 titulum
2038 3369 2422 3448 patrimonii,
2479 3374 2544 3429 et
2609 3388 2723 3448 per
2781 3368 3061 3429 litteram

998 3467 1253 3528 Domini
1295 3468 1521 3545 Roget-i
1562 3467 1640 3527 de
1684 3468 1939 3527 Mortuo
1991 3467 2174 3527 Mari.

591 3573 945 3635 Willelmus
991 3574 1069 3633 de
1113 3574 1508 3646 Chii-chame,
1554 3574 1634 3634 ad
1678 3574 1935 3634 titulum
1976 3572 2357 3652 patrimonii.

588 3680 869 3757 Bogerus
911 3679 987 3739 de
1030 3678 1415 3757 Penbrugge,
1462 3679 1544 3739 ad
1586 3679 1844 3739 titulum
1886 3680 2070 3758 plene
2111 3678 2341 3757 pixidis
2385 3678 2762 3738 litterarum.

590 3786 893 3863 Magister
934 3783 1248 3845 Johannis
1290 3784 1367 3845 de
1410 3783 1790 3859 Bromfelde,
1837 3784 1916 3845 ad
1972 3784 2513 3863 presentaeionem
2558 3783 2822 3845 Abbatis
2865 3784 3054 3845 Glou·

993 3882 1372 3944 cestriensis.

586 3988 942 4048 Willelmus
983 3987 1061 4047 de
1106 3988 1319 4065 Caple,
1366 3986 1446 4047 ad
1490 3988 1747 4047 titulum
1791 3988 2152 4067 patrimonii
2203 3987 2320 4059 sui,
2366 3995 2438 4048 nt
2480 3988 2674 4066 prius.

589 4094 781 4173 Hugo
823 4092 1176 4164 Gerboueh,
1222 4093 1302 4152 ad
1344 4092 1826 4176 sacristaria[m]
1872 4092 1950 4154 de
2001 4092 2357 4171 Westbury.

591 4199 943 4259 Willelmus
985 4198 1064 4259 de
1107 4199 1387 4270 Pei-sore,
1434 4198 1513 4258 ad
1558 4199 1816 4258 titulum
1857 4198 2239 4277 patrimonii,
2287 4217 2432 4258 eum
2475 4197 2724 4259 litteris.

588 4304 901 4365 Radulfus
943 4304 1020 4363 de
1062 4304 1411 4376 Bodeham,
1459 4304 1537 4364 ad
1581 4305 1838 4365 titulum
1881 4304 2264 4384 patrimonii.

590 4410 907 4471 Walterus
949 4409 1026 4469 de
1072 4409 1413 4483 Selretone,
1460 4410 1539 4470 ad
1602 4411 1860 4471 titulum
1915 4410 2297 4489 patrimonii,
2359 4408 2542 4488 eujus
2603 4414 2781 4470 earta
2822 4410 3056 4471 residet

992 4524 1187 4585 penes
1227 4507 1595 4585 magistrum
1641 4508 1717 4567 R.
1765 4506 1843 4567 de
1888 4508 2207 4585 Heytone.

584 4614 813 4673 Petrus
840 4612 918 4673 de
941 4612 1284 4692 Broebury‚
1308 4614 1387 4674 ad
1416 4615 1671 4674 titulum
1700 4614 2060 4693 patrimonii
2090 4614 2197 4694 qui
2227 4612 2459 4674 residet
2481 4632 2674 4692 penes
2703 4613 2946 4674 dietum
2971 4614 3046 4674 B.

582 4719 625 4780 J
630 4719 910 4779 ohannes
952 4718 1029 4779 de
1074 4718 1370 4792 Gardino,
1419 4720 1497 4780 ad
1539 4719 2084 4800 presentaeionem
2128 4718 2497 4781 Cancellarii
2543 4718 3049 4791 Hereiordensis,

993 4834 1105 4894 pro
1146 4835 1271 4895 quo
1313 4818 1476 4877 eavit
1518 4818 1819 4903 magister
1861 4817 2177 4878 Henrieus
2241 4816 2320 4877 de
2363 4816 2679 4877 Lantone.

588 4920 791 4981 Adam
833 4921 913 4982 de
954 4920 1310 5000 Wygmore‚
1355 4923 1439 4984 ad
1481 4924 1739 4984 titulum
1781 4923 2162 5003 patrimonii.
