3459 5617
1225 501 1524 581 Episcopi
1577 500 2058 580 Hercsordcnsia
2790 504 2870 565 55

399 728 644 789 DetaiLs·
686 728 758 805 of
809 727 908 787 the
941 726 1332 806 proccedinqs
1374 726 1446 786 in
1502 726 1598 786 the
1655 727 1819 797 Suit,
1861 726 2015 785 with
2058 725 2156 785 the
2197 727 2671 804 adjournmcnts,
2704 732 2876 807 from

643 808 982 869 November
1023 808 1122 867 till
1165 807 1262 867 the
1291 806 1611 887 followinq
1654 807 2075 867 MichaelmaS.

563 1000 1108 1060 Hunuronnunse
1167 998 1666 1061 Eseomuu.—A
1723 998 1824 1059 die
1884 999 2099 1059 Sancti
2156 998 2418 1060 Martini
2474 1001 2541 1059 in
2596 1020 2678 1060 xv
2735 1000 2870 1062 dies

403 1106 728 1167 Gilbertus
787 1106 864 1165 de
920 1104 1102 1166 Clare
1150 1122 1369 1165 versus
1425 1104 1735 1164 'rhomam
1783 1103 2171 1183 Episcopum
2220 1104 2749 1167 Herefordensem
2793 1106 2871 1167 de

399 1211 633 1291 placito
675 1211 910 1273 Chacie
952 1210 1158 1288 perdit
2606 1214 2613 1221 ·

565 1370 723 1431 Dies
753 1390 792 1431 a
820 1370 920 1431 die
952 1368 1167 1430 Sancti
1198 1368 1452 1429 Hillarii
1482 1371 1546 1428 in
1577 1388 1660 1430 xv
1688 1368 1843 1441 dies,
1874 1368 2255 1449 ubicunque,
2287 1375 2405 1430 etc.

565 1529 618 1587 A
679 1527 781 1587 die
839 1526 1057 1587 Sancti
1117 1525 1370 1585 Hillarii
1427 1525 1491 1584 in
1548 1545 1630 1584 xv
1682 1524 1814 1585 dies
1879 1525 2047 1604 apud
2105 1524 2512 1604 Wygorniam
2572 1526 2867 1601 Thomas,

401 1632 760 1711 Episcopus
831 1630 1338 1701 Hereiordensis,
1410 1629 1641 1708 optulit
1713 1648 1780 1689 se
1844 1648 2061 1690 versus
2118 1630 2470 1690 Gilbertum
2531 1630 2607 1691 de
2666 1632 2870 1705 Clare,

403 1737 715 1799 Comitem
769 1736 1160 1797 Gloucestrie
1211 1740 1274 1795 et
1325 1734 1726 1807 Hertfordie;
1794 1741 1857 1795 et
1906 1736 2040 1813 ipse
2088 1755 2201 1814 per
2245 1741 2631 1798 attornatum
2685 1758 2871 1799 suum

400 1844 778 1921 comparuit,
825 1846 887 1902 et
930 1841 1281 1920 Episcopus
1323 1840 1648 1919 placitavit
1693 1860 1909 1901 versus
1954 1860 2095 1900 eum
2140 1841 2218 1901 de
2263 1840 2515 1915 Chacia,
2562 1855 2633 1905 ut
2692 1848 2869 1923 patet

403 1953 470 2011 in
501 1952 626 2011 alia
654 1958 871 2030 parte;
917 1960 980 2009 et
1009 1950 1234 2011 Comes
1267 1957 1330 2009 et
1360 1949 1712 2028 Episcopus
1757 1954 2102 2027 posueruut
2148 1967 2217 2010 se
2258 1950 2323 2009 in
2368 1951 2865 2029 inquisicionem.

403 2056 790 2116 Habuerunt
833 2055 998 2115 diem
1035 2074 1073 2115 a
1107 2054 1208 2114 die
1237 2054 1479 2114 Pasche
1508 2054 1573 2114 in
1608 2062 1737 2114 tres
1768 2054 2171 2132 septimanae.
2260 2054 2347 2113 Et
2375 2063 2739 2136 preceptum
2772 2062 2870 2120 eet

399 2160 773 2221 vicecomiti
805 2158 1174 2220 Herefordie
1215 2160 1380 2240 quod
1417 2160 1626 2221 venire
1670 2159 1903 2220 faceret
1948 2159 2029 2219 ad
2069 2159 2235 2220 diem
2266 2162 2439 2222 illam
2473 2170 2603 2222 tam
2636 2164 2870 2226 milites

397 2285 592 2345 quam
637 2263 796 2323 alios
841 2263 925 2342 xij
971 2263 1198 2324 liberos
1242 2271 1305 2323 et
1348 2263 1577 2342 legales
1620 2263 1908 2323 homines
1949 2264 2025 2324 de
2066 2264 2373 2326 visoribus
2416 2266 2493 2327 de
2538 2267 2869 2329 Colewelle

399 2376 467 2433 et
521 2372 856 2442 Eetnoure,
910 2381 974 2431 et
1023 2370 1129 2449 qui
1175 2390 1287 2429 nec
1337 2369 1666 2441 Thomam,
1719 2370 2103 2449 Episcopum
2150 2371 2699 2445 Herefordensem,
2753 2393 2869 2435 nec

401 2476 758 2537 Gilbertum
828 2474 908 2534 de
977 2474 1177 2545 Clare,
1237 2475 1546 2535 Comitem
1617 2474 2007 2535 Gloucestrie
2079 2484 2143 2535 et
2213 2475 2595 2549 Hertfordie,
2655 2478 2867 2558 aliqua

399 2581 712 2643 affinitate
755 2581 1092 2659 attingant,
1125 2580 1208 2639 ad
1248 2581 1817 2659 recognoscendum
1862 2600 2049 2659 super
2090 2588 2552 2643 sacramentum
2597 2603 2803 2646 suum.

573 2738 626 2798 A
668 2738 768 2797 die
811 2736 1055 2797 Pasche
1097 2736 1160 2795 in
1205 2742 1330 2797 tres
1374 2737 1759 2815 septimanae
1802 2738 2031 2815 optulit
2063 2757 2130 2798 se
2162 2756 2376 2799 versus
2406 2739 2760 2802 Gilbertum
2790 2742 2871 2803 de

401 2844 609 2915 Clare,
641 2843 950 2905 Comitem
994 2843 1071 2903 de
1110 2842 1501 2903 Gloucestrie
1540 2848 1603 2902 et
1634 2841 2017 2915 Hertfordie,
2050 2848 2112 2903 et
2140 2843 2179 2903 J
2183 2843 2464 2905 ohannes
2493 2844 2571 2906 de
2600 2847 2661 2907 la
2692 2847 2871 2909 More

399 2958 765 3011 attornatus
821 2949 971 3009 dicti
1029 2948 1292 3009 Comitis
1348 2949 1464 3009 fuit
1521 2950 1881 3010 cesoniatus
1953 2950 2122 3009 dicto
2190 2949 2291 3010 die
2348 2971 2565 3013 versus
2628 2953 2870 3014 dictum

399 3056 813 3137 Episcopum.
900 3053 1278 3115 Habuerunt
1320 3054 1486 3114 diem
1517 3074 1555 3115 a
1591 3056 1690 3115 die
1723 3056 1951 3116 Sancte
1982 3056 2309 3117 Trinitatis
2337 3057 2403 3116 in
2435 3078 2513 3117 xv
2542 3057 2693 3119 dies.
2781 3060 2871 3119 Et

399 3170 772 3244 preceptum
812 3162 932 3221 fuit
973 3160 1342 3222 Vicecomiti
1379 3160 1545 3240 quod
1575 3160 1837 3221 haberet
1868 3181 2130 3240 corpora
2158 3162 2383 3222 talium
2411 3164 2871 3242 recognitorum

403 3270 490 3329 ad
533 3268 768 3329 dictum
812 3267 998 3327 diem.
1084 3268 1170 3326 Et
1211 3266 1379 3346 quod
1421 3266 1786 3327 Vicecomes
1816 3268 2075 3327 haberet
2106 3268 2185 3327 ad
2215 3267 2454 3328 dictum
2486 3268 2649 3328 diem
2682 3276 2775 3331 tot
2804 3280 2870 3331 et

400 3374 589 3445 taleS,
634 3393 714 3433 ne
753 3374 963 3450 jurata
1003 3371 1110 3431 illa
1152 3379 1473 3431 remaneat
1516 3371 1819 3450 capienda
1862 3391 1973 3451 pro
2017 3372 2265 3433 defectu
2309 3384 2679 3451 juratorum.

568 3531 618 3588 A
677 3528 778 3589 die
839 3528 1068 3587 Sancte
1126 3525 1452 3586 Trinitatis
1502 3528 1566 3585 in
1613 3546 1693 3586 xv
1743 3526 1877 3586 dies
1929 3526 2176 3606 loquela
2230 3527 2532 3588 remansit
2583 3528 2717 3589 sine
2766 3529 2868 3591 die

399 3644 660 3715 propter
681 3633 1147 3713 expedicionem
1173 3632 1479 3691 exercitus
1501 3631 1737 3692 domini
1760 3631 1950 3709 Regis
1974 3650 2191 3692 versus
2215 3632 2533 3692 Walliam.
2617 3633 2869 3696 Novum

401 3744 596 3804 breve
644 3740 809 3821 quod
859 3738 1106 3819 loquela
1154 3741 1512 3797 resumatur
1559 3740 1668 3815 [et]
1715 3738 1881 3815 quod
1928 3736 2154 3797 Comes
2206 3737 2287 3797 sit
2331 3739 2496 3817 apud
2551 3738 2870 3818 Salopiam

403 3866 619 3908 coram
662 3844 1022 3904 tenentibus
1065 3842 1269 3903 locum
1316 3841 1502 3919 Regis
1544 3842 1610 3900 in
1653 3841 1915 3902 Octabie
1963 3842 2176 3901 Sancti
2224 3842 2573 3903 Michaelis,
2663 3844 2870 3906 Tenor

402 3953 566 4015 dicti
592 3952 793 4011 brevis
835 3949 984 4009 talis
1025 3947 1593 4020 est,-Vicecomiti
1639 3946 2027 4007 Gloucestrie
2072 3946 2363 4006 salutem.
2453 3947 2869 4011 Summoneas

397 4078 522 4141 per
547 4058 740 4118 bonos
775 4055 1260 4116 summonitores
1303 4053 1656 4113 Gilbertum
1683 4053 1761 4113 de
1805 4052 2007 4124 Clare,
2042 4052 2351 4113 Comitem
2382 4052 2774 4115 Gloucestrie
2803 4061 2867 4116 et

399 4162 790 4233 Hertiordie,
820 4162 990 4241 quod
1018 4161 1100 4221 sit
1127 4179 1335 4221 coram
1366 4159 1564 4231 nobie,
1596 4159 1694 4220 vel
1724 4160 1930 4219 locum
1965 4166 2249 4219 nostrum
2280 4160 2659 4233 tenentibus,
2700 4164 2870 4241 apud

403 4270 730 4347 Salopiam
771 4268 838 4327 in
881 4266 1138 4329 Octabis
1184 4264 1399 4325 Sancti
1443 4264 1793 4336 Michaelis,
1835 4262 1962 4346 [ad]
2014 4264 2394 4324 audiendum
2437 4265 2763 4327 recordum
2806 4274 2871 4331 et

395 4374 710 4455 iudicium
753 4392 936 4434 suum
978 4372 1055 4432 de
1093 4371 1342 4450 loquela
1382 4390 1502 4450 que
1546 4370 1666 4430 tuit
1699 4372 1765 4429 in
1796 4370 1969 4430 curia
1997 4378 2215 4430 nostra
2244 4390 2453 4430 coram
2484 4372 2665 4433 nobis
2708 4376 2871 4436 inter

399 4482 738 4549 Thomarn,
815 4478 1200 4558 Episcopum
1275 4476 1822 4547 Herefordensem,
1896 4482 2287 4556 querentem,
2359 4485 2423 4534 et
2512 4478 2868 4556 predictum

398 4588 740 4657 Comitem,
799 4584 877 4645 de
931 4582 1165 4662 placito
1222 4600 1412 4661 quare
1468 4581 1784 4659 predictus
1844 4582 2070 4642 Comes
2127 4600 2251 4640 non
2303 4582 2610 4660 permittit
2660 4584 2869 4663 ipsum

397 4695 640 4756 habere
691 4691 952 4752 liberam
1002 4688 1302 4750 Chaciam
1351 4688 1418 4747 in
1467 4688 1649 4747 terrie
1697 4688 1893 4765 ipsius
1944 4686 2241 4765 Episcopi
2292 4686 2369 4746 de
2428 4686 2755 4749 Colewelle
2803 4698 2870 4751 et

398 4804 764 4864 Estenoure
805 4798 872 4857 in
915 4795 1232 4857 Comitatu
1274 4794 1662 4853 Herefordie.
1737 4794 1840 4853 Ita
1882 4793 2048 4872 quod
2077 4793 2326 4872 loquela
2356 4793 2463 4852 illa
2492 4797 2645 4853 tunc
2675 4795 2754 4855 sit
2782 4795 2869 4856 ibi

397 4910 470 4970 in
501 4907 720 4968 eodem
765 4910 941 4966 statu
981 4904 1045 4962 in
1081 4919 1206 4981 quo
1234 4899 1350 4959 tuit
1377 4900 1629 4979 quando
1659 4899 2065 4960 atterminata
2094 4898 2213 4958 fuit
2246 4917 2457 4959 coram
2486 4899 2668 4960 nobie
2700 4920 2739 4961 a
2766 4902 2869 4963 die
