3459 5617
1184 530 1484 610 Episcopi
1536 530 1941 611 Herefordens
1949 531 2019 592 2'3.
2752 534 2832 595 49

371 754 692 833 Largitore
737 754 996 834 dignam
1045 754 1528 817 retribucionem
1575 756 1851 835 recipere
1896 757 2173 835 possitis,
2224 762 2287 817 et
2334 776 2450 818 nos
2499 776 2574 817 ex
2624 763 2833 818 vestra

377 860 708 941 diligencia.
776 868 1044 940 paterno
1114 862 1343 922 affectu
1415 862 1497 922 ad
1565 869 1775 942 grates
1843 863 2070 923 merito
2124 870 2453 924 teneamur
2509 862 2832 943 speciales,

371 967 654 1029 Valeatis
698 986 948 1046 semper
987 968 1053 1027 in
1095 968 1389 1028 Domine.
1478 967 1718 1028 Datum
1760 968 1929 1047 apud
1958 968 2105 1039 Ros,
2138 968 2201 1029 vi
2231 969 2551 1030 Kalendas
2581 968 2831 1047 Aprilis,

371 1074 791 1135 Pontificatus
833 1074 1032 1134 nostri
1075 1093 1241 1135 anno
1280 1073 1502 1152 prim0.

373 1404 537 1484 Gopy
589 1406 660 1484 os
709 1425 796 1465 cm
848 1405 1177 1466 ordinance
1218 1406 1288 1485 of
1339 1405 1578 1465 Gizbert
1631 1405 1839 1466 Foliot
1887 1406 2170 1486 (Bishop,
2213 1410 2405 1487 1148)
2446 1407 2835 1486 sanctioninq

613 1485 712 1545 the
761 1486 1230 1565 appropriation
1272 1486 1343 1564 of
1394 1486 1583 1546 Great
1635 1486 1925 1547 Gowarne
1977 1486 2222 1548 Charch
2272 1495 2329 1548 to
2377 1488 2474 1548 the
2528 1488 2729 1567 Abbey
2771 1490 2845 1567 of

611 1566 706 1627 St.
777 1568 972 1637 Peter,
1034 1567 1398 1637 Gloucester,
1470 1573 1528 1626 to
1583 1567 1840 1646 provide
1898 1567 2053 1645 ziqht
2107 1568 2234 1629 and
2288 1577 2649 1641 ornaments,
2706 1570 2834 1630 and

608 1647 952 1727 πονηρίης]
997 1648 1094 1708 the
1135 1648 1336 1725 Abbey
1366 1648 1537 1727 from
1575 1648 1865 1725 synodals
1907 1649 2033 1709 and
2067 1650 2515 1728 procurations.

528 1806 981 1867 Tnmscmrm
1022 1824 1542 1868 Parvmnmonuu
1571 1825 1844 1868 Annuus
1872 1826 1956 1868 am
1994 1825 2375 1869 convawrus
2413 1808 2832 1869 Gnocns'rnns

367 1930 800 1973 mmeznmmu
848 1930 1197 1974 nccnsssus
1247 1931 1404 1974 suas
1453 1930 1520 1973 m
1577 1931 1837 1975 n1ocns1
1894 1915 2835 1977 HannronnnnsL—Omnibus

371 2018 662 2079 fidelibus
711 2018 998 2080 Ecclesia
1047 2020 1104 2081 G
1125 2018 1432 2098 [ilbertus]
1492 2018 1718 2092 Foliot‚
1774 2020 2254 2081 Herefordensis
2303 2020 2675 2100 Episcopus,
2728 2022 2829 2084 W.

367 2124 666 2185 Decanus
741 2144 884 2185 cum
958 2130 1094 2186 toto
1167 2124 1458 2203 Capitulo
1529 2124 1981 2186 Herefordensi
2052 2126 2325 2187 salutem
2397 2127 2463 2187 in
2536 2128 2829 2189 Domino.

369 2231 691 2293 Noveritis
762 2251 898 2301 nos,
969 2231 1332 2311 Episcopali
1387 2232 1694 2311 dignitate
1771 2238 1835 2293 et
1904 2232 2279 2293 auctoritate
2349 2234 2837 2296 Herefordensis

361 2338 671 2412 Ecclesie,
713 2358 790 2399 ex
832 2339 997 2400 dono
1037 2338 1266 2399 nobilis
1305 2338 1420 2399 viri
1462 2338 1773 2399 Ber-nardi
1814 2339 1891 2399 de
1935 2339 2119 2400 Novo
2162 2339 2469 2400 Mercato¹
2506 2348 2569 2399 et
2612 2340 2692 2401 ad
2734 2339 2827 2401 in-

357 2447 672 2508 stanciam
741 2446 1086 2507 multorum
1147 2444 1472 2517 nobilium,
1529 2445 1794 2507 dilectos
1848 2445 2012 2506 filios
2065 2452 2337 2517 nostros,
2399 2444 2707 2507 Abbatem
2763 2456 2829 2507 et

367 2552 769 2614 conventum
797 2552 987 2613 Beati
1014 2553 1188 2612 Petri
1218 2552 1612 2613 Gloucestrie
1641 2553 1708 2612 in
1736 2552 2001 2613 ecclesia
2030 2552 2259 2613 Sancte
2294 2551 2494 2613 Maris
2520 2550 2600 2611 de
2629 2551 2836 2613 Coura

365 2658 856 2738 impersonasse,
915 2666 1106 2739 atque
1167 2659 1423 2737 plenum
1493 2665 1901 2738 personatum
1970 2657 2207 2719 eisdem
2275 2656 2681 2727 concessisse,
2754 2656 2835 2717 ad

359 2764 702 2826 luminaria
745 2776 810 2825 et
853 2772 1226 2826 ornamenta
1267 2770 1486 2826 sancte
1527 2764 1813 2825 Ecclesia
1854 2764 2024 2826 beati
2066 2764 2240 2824 Petri
2280 2762 2677 2835 invenienda,
2721 2782 2835 2841 per

367 2890 634 2932 manum
667 2870 928 2932 sacriste
963 2871 1069 2951 qui
1111 2890 1223 2950 pro
1265 2880 1546 2951 tempore
1588 2871 1797 2932 fuerit.
1885 2871 1991 2931 Ita
2030 2869 2196 2950 quod
2237 2869 2404 2930 idem
2446 2868 2715 2931 sacrista
2753 2869 2835 2929 de

357 2978 608 3059 prefata
665 2977 932 3039 ecclesia
986 2977 1066 3038 de
1122 2978 1328 3039 Goura
1391 2977 1644 3038 nomine
1710 2983 2090 3056 personatus
2158 2975 2512 3056 quindecim
2583 2994 2834 3037 marcas

359 3105 612 3148 annuas
641 3084 965 3164 percipiet,
998 3084 1195 3145 donec
1228 3084 1493 3145 ecclesia
1536 3084 1706 3144 dicta
1747 3082 2100 3156 vacaverit3
2144 3102 2271 3162 qua
2311 3088 2576 3143 vacante
2618 3081 2833 3142 licebit

357 3191 606 3273 prefato
651 3190 917 3251 sacriste
956 3189 1128 3250 illam
1172 3189 1414 3269 ingredi
1465 3194 1529 3250 et
1575 3187 1836 3267 pacifice
1884 3187 2223 3267 possidere,
2276 3186 2513 3268 absque
2563 3187 2833 3265 alicujus

361 3297 840 3377 impedimento,
892 3294 1230 3356 dummodo
1278 3295 1640 3374 capellanus
1690 3294 1823 3355 sive
1870 3294 2142 3355 vicarius
2190 3293 2421 3354 ibidem
2462 3293 2835 3355 ministrans

359 3402 780 3464 sufficientem
827 3406 1015 3481 atque
1064 3400 1397 3461 honestam
1453 3400 1687 3461 habeat
1747 3400 2282 3461 sustentacionem
2340 3399 2421 3459 ad
2477 3398 2827 3460 valenciam

356 3509 578 3571 decem
621 3526 1016 3579 marcarum;
1074 3512 1138 3568 et
1189 3512 1391 3568 totum
1434 3508 1754 3568 residuum
1797 3515 2204 3568 convertatur
2244 3506 2307 3566 in
2351 3525 2504 3567 usus
2544 3507 2831 3585 proprios

357 3616 514 3679 dicti
545 3616 832 3687 sacriste,
865 3613 1212 3675 secundum
1241 3614 1408 3694 quod
1435 3615 1662 3675 melius
1690 3614 2088 3693 disposuerit.
2176 3613 2592 3676 concedimus
2629 3613 2828 3674 eciam

355 3724 566 3786 eidem
595 3727 668 3782 ut
695 3721 944 3801 quietus
973 3722 1056 3781 sit
1085 3719 1167 3782 ab
1195 3720 1367 3781 omni
1397 3720 1821 3781 decimacione
1863 3720 1941 3781 de
1984 3720 2264 3781 manerio
2292 3740 2407 3779 suo
2449 3719 2526 3779 de
2567 3718 2824 3790 Rodele,

365 3828 662 3891 similiter
691 3834 754 3887 et
781 3826 858 3888 de
887 3825 1102 3905 Hyda,
1131 3834 1343 3905 preter
1370 3825 1528 3887 duos
1557 3826 1789 3887 solidos
1816 3845 2062 3887 annuos
2089 3826 2349 3887 ecclesie
2378 3826 2456 3885 de
2484 3824 2831 3885 Yarkhulle

356 3954 434 3997 ex
479 3934 745 4013 antiquo
786 3932 1249 4012 persolvendos.
1363 3932 1670 3995 Volumus
1711 3932 1901 3993 etiam
1945 3939 2009 3993 et
2058 3932 2459 3993 concedimus
2500 3942 2571 3991 ut
2618 3931 2827 4005 Abbas

356 4040 758 4102 Gloucestrie
799 4038 1051 4117 quietus
1092 4040 1174 4097 sit
1217 4037 1297 4097 ab
1340 4037 1511 4099 omni
1554 4044 1773 4098 nostra
1818 4037 2069 4117 Synodo
2110 4045 2173 4099 et
2213 4038 2491 4118 qualibet
2530 4057 2823 4116 procura·

351 4146 534 4207 cione
593 4150 917 4224 spectante
974 4143 1052 4205 ad
1109 4144 1490 4223 Episcopum
1545 4144 2073 4206 Herefordensem
2122 4145 2372 4206 racione
2419 4144 2824 4205 ecclesiarum

355 4251 720 4313 habitarum
789 4250 856 4310 in
924 4250 1318 4331 Episcopatu
1387 4251 1870 4324 Heraiordensi3
1942 4260 2004 4313 et
2061 4252 2183 4313 hoc
2237 4252 2503 4314 facimus
2570 4260 2827 4332 propter

355 4358 670 4421 fervorem
698 4358 965 4419 honeste
993 4357 1309 4437 religionis
1336 4376 1525 4437 quam
1554 4357 1775 4420 florere
1808 4357 2117 4431 novimus,
2149 4365 2212 4419 et
2245 4378 2372 4420 non
2414 4359 2550 4419 sine
2590 4359 2822 4431 fructu,

357 4464 425 4524 iu
499 4462 888 4524 Monasterio
957 4461 1472 4524 Gloucestriensi.
1596 4464 1696 4524 Ex
1755 4464 2005 4524 decreto
2058 4464 2273 4538 itaque
2330 4465 2532 4525 tocius
2592 4464 2827 4543 Synodi

357 4575 595 4642 nostre,
646 4569 715 4628 in
765 4568 1052 4630 Ecclesia
1102 4568 1552 4631 Herefordensi
1602 4569 2010 4649 solempniter
2057 4569 2388 4642 celebrate,
2432 4569 2679 4649 publice
2720 4589 2825 4631 ex-

351 4674 962 4737 communicavimus
1005 4694 1224 4736 omnes
1271 4676 1378 4755 qui
1430 4674 1640 4755 aliquo
1688 4681 1969 4754 tempore
2015 4683 2235 4736 cont-ra
2282 4676 2485 4754 ipsam
2536 4683 2816 4736 nostram

351 4782 828 4843 ordinacionem
905 4788 1092 4860 atque
1168 4781 1714 4842 confirmacionem
1789 4780 1975 4842 dictis
2050 4781 2378 4841 monachis
2452 4799 2817 4841 concessam

507 4916 798 4958 l—Bernard
827 4917 1124 4961 Newmarch.
1152 4915 1274 4957 from
1304 4918 1616 4961 Neumarche.
1637 4915 1684 4956 in
1704 4914 1993 4963 Normandy.
2012 4926 2146 4957 came
2163 4928 2276 4965 over
2292 4916 2409 4957 with
2428 4916 2511 4956 the
2535 4916 2823 4962 Conquerar.

349 4967 451 5010 and
486 4962 644 5009 “used
672 4980 703 5009 a
728 4966 946 5008 soldier’s
971 4966 1146 5008 licence
1171 4970 1222 5008 to
1247 4968 1548 5015 appropriate
1573 4968 1656 5008 the
1681 4966 1907 5013 territory
1933 4965 1983 5007 of
2020 4965 2645 5007 Brecknock.''—Freeman.
