3459 5617
1106 504 1405 584 Episcopi
1459 503 1940 583 Hcrcsordcnsis.
2631 503 2752 564 233

284 758 603 818 Dominus
650 755 1009 839 [Anianus],
1044 757 1412 817 Assavensis
1456 756 1828 833 Episcopus,
1873 755 2254 814 Paternitati
2298 761 2504 815 vestre
2547 764 2753 815 trans-

282 863 497 934 mitte,
547 869 615 922 ut
647 861 820 921 vobis
860 861 1261 921 innotescant
1303 859 1498 939 ipsius
1542 860 1743 920 aculei
1786 859 1892 938 qui
1931 859 2090 936 juris
2130 860 2471 938 peritorum
2521 860 2755 938 judicio

291 987 511 1028 amare
548 987 650 1028 me
698 973 1005 1046 pungunt.
1093 966 1244 1045 Ipsa
1291 967 1457 1026 enim
1498 965 1711 1025 littera
1759 967 1861 1042 jus
1909 984 2141 1035 meum,
2183 966 2346 1044 quod
2385 985 2497 1044 per
2534 966 2753 1043 longas

294 1075 443 1134 lites
500 1072 866 1151 laboresque
921 1072 1195 1151 prolixos
1251 1072 1531 1132 onerosis
1586 1071 1945 1150 sumptibus
2001 1071 2328 1150 adquisivi,
2381 1072 2514 1131 sine
2568 1072 2758 1151 culpa

290 1197 438 1239 mea
476 1186 585 1238 aut
624 1196 816 1238 causa
856 1177 1121 1257 probata
1162 1177 1491 1238 absorbere
1534 1177 1783 1237 videtur
1825 1180 1886 1236 in
1933 1187 2160 1247 totum,
2205 1177 2369 1256 quod
2413 1177 2752 1238 admodum

294 1285 422 1363 juri
482 1283 716 1363 scripto
758 1285 1088 1344 molestum
1146 1283 1392 1358 existit3
1451 1303 1565 1342 nec
1622 1303 1809 1362 super
1865 1283 2072 1343 causis
2127 1283 2192 1342 in
2246 1283 2384 1362 ipsa
2437 1283 2754 1344 contentis

290 1389 652 1470 aliqualiter
692 1389 1131 1459 demandatur,
1176 1389 1323 1448 licet
1365 1387 1710 1449 falsitatem
1754 1388 2117 1461 contineat;
2163 1397 2258 1450 set
2295 1389 2758 1468 presuppositis

292 1505 599 1574 tanquam
663 1495 827 1556 veris
888 1495 1249 1573 principalis
1306 1494 1548 1554 articuli
1601 1493 2084 1555 diffinicionibus
2139 1494 2217 1555 de
2272 1495 2460 1574 plano
2516 1495 2752 1574 absque

299 1601 584 1680 judiciali
634 1601 903 1680 strepitu
950 1601 1309 1679 delegatum
1369 1620 1492 1661 non
1543 1599 1950 1660 obstantibus
2004 1600 2232 1659 litteris
2276 1600 2649 1678 Apostolicis
2691 1604 2757 1660 et

286 1707 687 1786 processibus
729 1707 1100 1768 auctoritate
1142 1707 1419 1786 ipsarum
1469 1705 1559 1785 [h]
1579 1720 1842 1768 actenus
1883 1706 2118 1766 habitis
2157 1725 2344 1784 super
2377 1706 2758 1766 diffinicione

297 1815 547 1874 articuli
598 1813 946 1872 memorati.
1050 1813 1147 1872 Ad
1195 1832 1306 1873 vos
1354 1813 1544 1890 igitur
1590 1818 1894 1890 tanquam
1944 1812 2027 1872 ad
2075 1811 2392 1890 singulare
2446 1812 2753 1889 refugium

296 1938 512 1979 meum
565 1937 843 1990 accurr0,
887 1918 1126 1978 devotis
1174 1917 1463 1996 precibus
1512 1917 1847 1978 obsecrans
1895 1924 1960 1977 et
2007 1918 2330 1996 requirens
2378 1918 2676 1998 quatinus
2718 1937 2760 1976 a

290 2025 570 2085 Domino
640 2025 815 2103 Papa
882 2023 1135 2103 aliquod
1190 2023 1529 2084 remedium
1599 2032 2022 2102 opportunum
2094 2042 2280 2102 super
2347 2023 2756 2084 enervacione

289 2131 499 2191 littere
542 2130 847 2208 prelibate
889 2129 1043 2189 mihi
1087 2129 1371 2189 amicicia
1412 2138 1623 2189 vestra
1665 2140 1978 2207 procuret,
2014 2140 2106 2200 ut,
2147 2130 2199 2189 si
2243 2129 2495 2189 uberius
2537 2128 2756 2190 haberi

294 2256 423 2297 non
466 2235 685 2314 possit,
732 2235 958 2295 saltem
1001 2234 1167 2315 quod
1214 2234 1487 2293 Domino
1523 2233 1848 2312 [Johanni]
1894 2233 2356 2303 Cantuariensi,
2397 2233 2497 2293 cui
2543 2234 2754 2294 littera

288 2350 643 2403 memorata
690 2341 992 2419 dirigitur,
1038 2342 1135 2401 vel
1185 2341 1369 2400 alicui
1418 2341 1840 2401 Eboracensis
1890 2339 2214 2401 Provincia
2262 2360 2390 2400 non
2439 2348 2750 2418 suspecto,

294 2469 422 2508 non
466 2449 759 2509 obstante
801 2447 1273 2510 constitucione
1317 2447 1394 2508 de
1437 2447 1681 2508 duabus
1723 2447 1929 2517 dietis,
1971 2447 2178 2508 denuo
2227 2446 2538 2508 Dominus
2580 2447 2760 2526 Papa

297 2556 533 2618 scribat
583 2557 769 2635 quod,
822 2556 944 2616 nisi
994 2575 1183 2616 cause
1230 2555 1294 2615 in
1345 2555 1558 2617 littera
1604 2555 1850 2634 prefata
1903 2561 2223 2627 contente,
2275 2556 2353 2616 ob
2401 2575 2558 2634 quas
2609 2575 2752 2616 con-

290 2681 473 2722 cessa
514 2662 779 2734 videtur,
825 2662 1090 2722 veritate
1140 2661 1427 2721 nitantur
1492 2706 1842 2722 .....
1902 2663 1922 2696 ¹
1975 2679 2049 2720 ac
2090 2680 2420 2739 processus
2460 2681 2571 2740 per
2613 2681 2752 2721 eam

292 2766 566 2836 habitus,
599 2769 663 2828 in
699 2768 943 2827 irritum
980 2774 1323 2828 revocetur.
1414 2768 1660 2828 Statum
1698 2766 1956 2828 Domini
1991 2767 2197 2845 Regis,
2228 2766 2422 2828 immo
2451 2775 2752 2839 vestrum,

292 2880 357 2934 et
401 2874 585 2935 Curis
631 2874 935 2945 Romane,
981 2874 1171 2935 michi
1214 2881 1443 2944 vestm,
1488 2873 1541 2932 si
1583 2874 1812 2952 placet,
1844 2874 2050 2934 velitis
2091 2872 2428 2934 rescribere
2468 2894 2581 2953 per
2615 2894 2752 2953 pre·

287 2981 570 3040 sancium
612 2981 1003 3059 portitorem,
1047 2999 1319 3040 unacum
1364 2986 1573 3040 vestra
1613 2980 1677 3038 in
1722 2978 2014 3039 omnibus
2055 2979 2397 3043 voluntate.

290 3233 641 3295 Dircctions
708 3241 766 3294 ιο
830 3233 928 3295 the
984 3234 1254 3305 Proctor‚
1317 3233 1485 3295 John
1542 3233 1617 3294 dc
1674 3232 1990 3311 Bittcrley,
2056 3241 2113 3294 ιο
2175 3233 2396 3295 induce
2455 3234 2621 3295 John
2678 3235 2758 3297 dc

534 3314 936 3394 Aquablanca
995 3321 1054 3375 ιο
1102 3335 1359 3395 proposc
1416 3335 1486 3374 as
1544 3335 1587 3374 a
1646 3314 1994 3393 suchstion
2048 3315 2118 3394 of
2161 3313 2258 3375 his
2299 3335 2434 3376 own
2475 3323 2533 3376 ιο
2574 3316 2754 3378 Peter

532 3395 607 3456 dc
660 3396 922 3474 Lanqon
977 3395 1111 3456 that
1155 3395 1224 3456 hc
1264 3394 1486 3456 should
1540 3415 1711 3473 aqrce
1770 3402 1828 3456 ιο
1877 3415 2034 3456 some
2088 3396 2494 3474 compromisc,
2549 3397 2753 3458 which

537 3477 634 3537 the
688 3475 925 3556 Bishop
978 3476 1173 3555 miqht
1217 3476 1282 3536 bc
1326 3475 1579 3554 thouqht
1617 3475 1858 3554 willinq
1902 3483 1959 3536 ιο
2000 3483 2222 3556 accept.

452 3635 617 3695 Ama
684 3653 753 3695 m
801 3652 1080 3694 mmmm
1128 3651 1437 3694 MAGISTRI
1483 3634 1522 3695 J
1546 3632 2266 3711 [omnmsJ.—1nsuper
2319 3638 2620 3712 tanquam
2675 3653 2754 3694 ex

296 3739 506 3795 vestra
564 3733 817 3812 propria
879 3731 1181 3802 mocione,
1262 3731 1546 3792 excitetis
1609 3730 1934 3790 dominum
2005 3730 2046 3790 J
2048 3730 2363 3790 ohannem
2431 3730 2508 3790 de
2570 3729 2752 3810 Aqua

290 3830 536 3916 Blanka
575 3831 741 3910 quod
778 3829 930 3909 ipse,
971 3833 1272 3909 tanquam
1311 3828 1516 3889 media
1548 3848 1817 3907 persona
1850 3846 1995 3906 erga
2026 3827 2288 3887 Petrum
2322 3828 2398 3887 de
2433 3827 2750 3906 Langone,

294 3941 439 3997 ante
488 3937 700 4006 instet,
751 3941 815 3996 et
863 3935 1091 4014 ipsum,
1142 3934 1194 3996 si
1250 3934 1469 4014 possit,
1527 3934 1784 3994 inducat
1838 3932 2007 4012 quod
2062 3951 2250 4011 super
2302 3931 2619 4011 prebenda
2672 3933 2753 3993 de

292 4034 591 4094 Prestone
653 4032 979 4094 nobiscum
1040 4037 1235 4111 ponat
1294 4032 1363 4090 in
1425 4031 1633 4110 aliqua
1693 4029 1894 4090 forma
1961 4029 2364 4108 competenti,
2425 4029 2514 4089 ita
2582 4030 2749 4109 quod

294 4131 553 4190 minima
606 4130 923 4209 prebenda
976 4135 1299 4190 remaneat
1354 4128 1632 4189 totaliter
1679 4126 2058 4206 possessori;
2109 4131 2174 4186 et
2221 4126 2390 4187 istud
2437 4147 2551 4205 per
2615 4147 2748 4198 vos,

290 4233 361 4287 ut
404 4227 689 4307 superius
731 4232 829 4288 est
870 4231 1178 4296 notatum,
1210 4230 1356 4286 ante
1397 4226 1509 4285 fiat
1550 4224 1934 4304 aliquamdiu
1974 4224 2376 4302 expectando.
2461 4224 2548 4283 Et
2582 4225 2751 4303 quod

292 4325 495 4385 dictus
550 4325 591 4385 J
593 4325 875 4385 ohannes
932 4324 1097 4384 dicat
1145 4323 1330 4402 quod,
1372 4322 1657 4382 inclinati
1697 4320 1986 4402 precibus
2029 4320 2378 4400 aliquorum
2419 4326 2484 4381 et
2525 4321 2750 4382 timore

293 4422 419 4483 litis
487 4421 820 4502 perterriti,
889 4441 1108 4501 pacem
1180 4440 1323 4480 cum
1392 4421 1562 4480 dicto
1622 4421 1812 4480 Petro
1854 4418 2118 4479 forsitan
2171 4418 2511 4488 uniremus‚
2582 4420 2750 4498 quod

293 4520 540 4599 quidem
589 4520 724 4598 ipse
771 4519 999 4579 Petrus
1056 4523 1312 4598 propter
1359 4522 1650 4597 sumptus
1700 4536 2015 4587 onerosos,
2079 4515 2323 4576 diversa
2389 4516 2755 4595 gravamina

294 4621 355 4678 et
401 4616 693 4696 pericula,
744 4616 1014 4686 deberet,
1057 4621 1130 4675 ut
1167 4615 1607 4686 intelleximuS,
1650 4614 1962 4674 affectare.
2063 4613 2193 4673 Vos
2241 4618 2454 4673 autem
2495 4613 2561 4671 in
2603 4633 2747 4674 con-

296 4721 511 4794 spectu
579 4714 732 4774 dicti
806 4713 1023 4791 [Petri]
1096 4713 1265 4773 istud
1341 4711 1750 4772 dissimuletis
1826 4716 2014 4790 prout
2082 4709 2372 4770 videbitis
2439 4710 2748 4789 expedire,

293 4831 535 4890 semper
587 4811 791 4872 eidem
844 4810 1108 4872 viriliter
1160 4809 1543 4871 resistentes.

916 4947 1132 4988 l—Some
1158 4947 1333 4993 phrase
1358 4957 1513 4987 seems
1540 4949 1593 4986 to
1620 4947 1742 4986 have
1769 4944 1884 4986 been
1910 4942 2125 4986 omitted.
