3459 5617
301 907 400 950 Fol.
433 906 522 949 12b.

605 458 680 516 32
1266 454 1620 534 Reqistrum
1677 455 1896 515 Thmne
1949 455 2023 515 de
2083 453 2413 533 Cantilupo

603 681 912 760 plicamus
954 681 1251 760 quatinus
1293 680 1493 739 dictas
1534 679 1733 750 villas,
1776 680 1897 740 Dei
1938 685 2003 739 et
2047 677 2275 740 Sancte
2324 679 2524 739 Marie
2564 678 2884 757 genitricis
2924 678 3065 757 ejus

607 787 862 858 intuitu,
907 807 979 847 ac
1028 807 1142 866 pro
1191 786 1398 845 anime
1441 790 1647 846 vestre
1695 786 1917 856 salute,
1959 785 2142 845 nobis
2190 790 2255 845 et
2295 784 2557 845 ecclesie
2599 788 2812 845 nostre
2853 783 3066 844 velitis

605 894 862 954 reddere
919 914 1062 953 cum
1119 892 1367 953 effectu.
1469 893 1555 951 Et
1610 892 1758 972 quia
1812 892 2123 953 nollemus
2163 912 2275 953 vos
2329 891 2681 970 periculum
2732 890 2940 951 anime
2987 909 3067 950 ex

606 1000 975 1061 detencione
1058 1019 1272 1060 earum
1356 998 1690 1070 incurrere,
1761 999 1840 1059 ad
1922 998 2395 1060 restitucionem
2464 1018 2680 1058 earum
2749 996 2929 1057 nobis
2998 1000 3068 1057 et

613 1106 873 1167 ecclesie
915 1110 1130 1166 nostre
1171 1105 1520 1165 faciendam
1549 1125 1661 1166 vos
1703 1124 2033 1165 monemus
2074 1108 2139 1165 et
2180 1104 2507 1164 hortamur
2539 1104 2605 1162 in
2640 1103 2915 1163 Domino
2952 1122 3069 1181 per

609 1216 955 1291 presentes.
1042 1211 1160 1282 Ita,
1203 1211 1256 1271 si
1297 1210 1522 1290 placet,
1566 1210 1773 1271 velitis
1814 1210 1881 1269 in
1921 1209 2245 1289 premissis
2287 1210 2365 1270 ad
2406 1214 2763 1270 nostrarum
2806 1228 3067 1288 precum

609 1318 988 1379 instanciam
1030 1318 1291 1397 operari,
1335 1322 1407 1377 ut
1448 1317 1616 1379 facto
1665 1318 2057 1397 experiamur
2095 1337 2208 1379 vos
2262 1317 2443 1377 nobis
2499 1336 2638 1377 esse
2679 1316 2954 1376 vicinum
2997 1314 3066 1374 in

607 1424 884 1484 Domino
925 1424 1160 1502 pariter
1201 1428 1265 1483 et
1307 1422 1597 1482 amicum.
1704 1422 1868 1496 Quid
1912 1442 2100 1501 super
2135 1421 2460 1501 premissis
2493 1421 2697 1481 facere
2726 1419 3066 1491 volueritis,

605 1531 788 1591 nobis
829 1550 941 1609 per
983 1531 1243 1590 latorem
1286 1529 1680 1609 presencium
1722 1529 1951 1589 vestris
1982 1528 2210 1589 litteris
2238 1528 2444 1589 velitis
2477 1525 2832 1588 rescribere.
2903 1525 3065 1587 Con-

607 1642 815 1700 servet
862 1658 976 1698 vos
1032 1637 1362 1697 Dominus.
1464 1637 1702 1696 Datum
1763 1635 2124 1715 Wyntom’e,
2182 1635 2289 1695 xiii
2348 1634 2666 1694 Kalendas
2722 1630 3067 1702 Februarii,

606 1764 774 1805 anno
822 1743 1122 1822 predicto.

612 1938 759 1997 Jan.
824 1935 1176 1996 15.—Writ
1241 1942 1298 1996 to
1364 1935 1460 1995 the
1525 1934 1764 2012 Sheriff
1812 1934 1883 2013 os
1938 1933 2405 2013 Heresordshire
2464 1932 2767 2010 directinq
2824 1931 2954 1991 him
3008 1939 3068 1992 to

855 2016 1032 2077 allow
1092 2016 1188 2076 the
1245 2014 1498 2094 Bishop,
1565 2014 1684 2074 like
1756 2013 1852 2074 his
1900 2014 2297 2093 predecessor,
2344 2022 2401 2073 to
2457 2013 2714 2093 appoiut
2768 2034 2809 2073 a
2864 2012 3079 2091 bailzff

858 2104 916 2158 to
965 2104 1065 2157 aet
1112 2117 1182 2157 as
1234 2097 1426 2175 before
1477 2096 1578 2155 till
1628 2096 1724 2155 the
1780 2101 1921 2155 next
1969 2095 2373 2166 Parliament,
2422 2094 2596 2154 when
2646 2094 2743 2153 the
2790 2094 3071 2171 question

854 2179 925 2258 os
956 2177 1127 2256 riqht
1167 2177 1388 2238 should
1431 2177 1496 2237 be
1537 2176 1768 2237 settled.

772 2310 908 2368 Pno
957 2326 1233 2367 sAnmvo
1283 2325 1590 2367 flannnno
1647 2325 1714 2366 IN
1774 2306 2111 2367 Comum]
2170 2299 2848 2365 Hanaronn1n.-—Rex
2888 2305 3068 2365 Vice-

612 2414 828 2476 comiti
878 2413 1249 2474 Herefordie
1298 2394 1584 2473 salutem.
1691 2412 2074 2472 Monstravit
2122 2411 2303 2471 nobis
2344 2409 2733 2471 Venerabilis
2775 2409 3069 2480 ThomaS,

612 2518 1097 2581 Herefordensis
1167 2518 1540 2597 Episcopus,
1611 2518 1796 2597 quod,
1874 2538 2018 2578 cum
2094 2536 2315 2577 omnes
2396 2517 2867 2595 predecessores
2950 2516 3070 2585 sui,

613 2627 1109 2689 Herefordenses
1159 2624 1477 2704 Episcopi,
1528 2644 1726 2703 usque
1776 2623 1857 2683 ad
1904 2628 2155 2701 tempus
2203 2622 2365 2682 bone
2415 2621 2713 2681 memorie
2760 2621 2798 2681 J
2802 2620 3071 2681 ohannis

610 2734 892 2814 ejusdem
953 2731 1072 2791 loci
1131 2730 1450 2809 Episcopi,
1509 2748 1712 2807 nuper
1774 2729 2072 2798 defuncti,
2134 2748 2205 2787 ac
2264 2727 2461 2788 eciam
2522 2727 2688 2787 idem
2746 2726 2786 2786 J
2788 2726 3071 2786 ohannes

611 2838 1013 2919 aliquamdiu,
1070 2836 1404 2897 habuerint
1458 2839 1522 2895 et
1577 2834 1807 2895 habere
1862 2833 2302 2894 consueverint
2355 2832 2653 2892 ballivum
2710 2852 2896 2891 suum
2951 2829 3072 2891 sibi

611 2946 891 3025 juratum
940 2943 1008 3002 in
1057 2942 1375 3003 Comitatu
1425 2941 1739 3020 predicto;
1796 2940 1904 3019 qui
1945 2938 2435 3000 Vicecomitibus
2484 2937 2590 3017 qui
2632 2956 2746 3016 pro
2788 2942 3073 3015 tempore

611 3050 847 3111 fuerint
908 3047 1256 3127 presentari
1325 3052 1390 3107 et
1443 3065 1556 3125 per
1625 3046 1797 3124 ipsos
1858 3044 2125 3114 admitti,
2196 3063 2269 3103 ac
2338 3042 2613 3103 Domino
2675 3042 2831 3119 Regi
2898 3046 3071 3119 post-

612 3156 870 3216 modum
938 3154 1363 3234 juramentum
1425 3157 1706 3230 prestare
1776 3149 2187 3219 consueverit,
2252 3148 2331 3207 ad
2400 3148 2611 3208 debita
2672 3147 2840 3225 regia
2910 3145 3075 3206 infra

608 3262 932 3323 libertates
990 3258 1390 3338 episcopatus
1444 3256 1708 3336 predicti
1758 3255 2039 3325 levanda,
2082 3260 2148 3314 et
2196 3253 2319 3314 alia
2366 3254 2666 3314 mandata
2711 3252 2898 3331 regia,
2949 3272 3073 3332 que

613 3366 765 3427 dicti
811 3364 1228 3425 Vicecomites
1277 3363 1480 3423 eidem
1523 3361 1751 3422 ballivo
1794 3362 1909 3423 sub
1958 3360 2179 3441 sigillis
2220 3360 2351 3421 suis
2394 3363 2713 3419 rotor-nare
2764 3358 3069 3429 solebant,

607 3472 878 3533 fideliter
937 3470 1297 3549 exequenda
1353 3468 1617 3538 ibidem;
1682 3467 1796 3527 tibi
1851 3466 2231 3546 precipimus
2288 3465 2455 3545 quod
2510 3464 2861 3544 predictum
2920 3463 3071 3543 Epi-

611 3597 875 3657 scopum
919 3581 1158 3637 statum
1207 3575 1717 3654 predecessorum
1767 3594 2023 3635 suorum
2073 3592 2197 3652 quo
2240 3573 2316 3632 ad
2367 3569 2730 3651 hujusmodi
2771 3569 3072 3630 ballivum

611 3703 798 3745 suum
843 3682 1202 3742 habendum
1243 3680 1309 3740 in
1352 3680 1552 3741 forma
1591 3679 1873 3759 predicta
1915 3680 1991 3739 de
2032 3679 2239 3759 gracia
2279 3682 2497 3739 nostra
2545 3677 2801 3757 speciali
2842 3676 3073 3737 habere

611 3789 944 3869 permittas
995 3806 1193 3866 usque
1243 3786 1322 3845 ad
1370 3786 1856 3865 parliamentum
1909 3790 2197 3845 nostrum
2253 3784 2416 3864 quod
2473 3783 2593 3843 erit
2638 3782 2707 3841 in
2756 3782 3075 3862 quindena

613 3894 858 3954 Pasche
915 3892 1199 3971 proximo
1255 3891 1482 3961 futura,
1525 3896 1598 3950 ut
1647 3896 1710 3951 et
1759 3890 1923 3961 inde,
1966 3895 2031 3950 et
2080 3890 2157 3951 de
2199 3888 2646 3958 consimilibus,
2691 3888 2769 3948 de
2809 3886 3076 3947 consilio

613 4005 832 4060 nostro
884 3998 1018 4058 fieri
1069 3996 1372 4057 faciamus
1420 3997 1587 4076 quod
1635 3997 1712 4057 de
1759 3996 1897 4075 jure
1946 3995 2136 4055 fuerit
2183 3994 2557 4055 faciendum.
2656 3994 2843 4054 Teste
2900 3993 3074 4072 Rege

615 4105 784 4184 apud
826 4102 1257 4183 Wyntoniam‚
1299 4122 1379 4162 xv
1421 4102 1519 4162 die
1561 4102 1600 4162 J
1604 4100 1865 4172 anuarii,
1908 4121 2074 4161 anno
2116 4100 2289 4179 regni
2332 4099 2430 4161 sui
2472 4104 2711 4178 quarto.

618 4301 764 4361 Jan.
793 4298 1150 4360 20.-Giles
1191 4298 1265 4359 de
1297 4298 1620 4375 Aveubury
1661 4298 1769 4357 has
1809 4296 2083 4357 retained
2123 4296 2219 4356 the
2264 4292 2733 4373 Treasurership
2772 4301 2830 4354 ιο
2870 4292 3077 4353 which

869 4379 1148 4440 William
1206 4379 1255 4439 le
1311 4379 1481 4439 Bous
1529 4399 1654 4439 was
1711 4378 1969 4438 collated
2026 4377 2099 4455 by
2158 4376 2391 4455 Bishop
2449 4374 2615 4435 John
2667 4374 2840 4435 when
2884 4374 3071 4439 Giles

860 4481 985 4521 was
1047 4459 1327 4521 deelared
1391 4460 1462 4519 in
1532 4458 1628 4519 the
1701 4460 1890 4519 Gourt
1950 4459 2022 4537 of
2071 4456 2167 4518 the
2240 4456 2620 4534 Arehbishop
2698 4463 2755 4516 to
2832 4454 2898 4515 be
2974 4454 3075 4515 the

859 4541 1124 4620 riqhtful
1165 4541 1360 4601 Dean.
1480 4540 1604 4599 The
1644 4539 1881 4618 Bishop
1920 4539 2188 4617 requires
2234 4538 2394 4598 them
2434 4536 2575 4597 both
2618 4542 2675 4596 to
2716 4542 2871 4596 state
2914 4535 3079 4596 their

863 4622 1076 4683 claims
1118 4622 1244 4682 and
1285 4620 1617 4681 intentioris
1660 4619 1733 4680 in
1774 4620 1870 4680 the
1910 4626 2147 4679 matter.

783 4754 886 4811 DE.
930 4753 1274 4812 Msels'rno
1323 4769 1410 4810 nr:
1461 4750 1863 4809 AVENEBYRY
1912 4766 1994 4809 m*
2037 4748 2409 4808 Wrnnmmo
2459 4746 3075 4818 Russo.—Thoma8,

619 4865 759 4930 etc„
804 4858 1102 4937 magistro
1152 4858 1376 4936 Egidio
1425 4858 1502 4918 de
1551 4855 1942 4934 Avenebury,
1993 4860 2057 4916 et
2105 4854 2358 4915 domino
2407 4852 2723 4913 Willelmo
2771 4850 2829 4912 le
2876 4850 3075 4925 RouS,
