3459 5617
272 2743 369 2786 Fol.
402 2740 492 2785 isb.

587 496 666 556 58
731 502 734 505 ’
1235 496 1590 573 Reqistrum
1648 496 1869 557 Thome
1922 498 1995 557 de
2069 496 2399 575 Cantilnpo

585 720 818 781 Verum
864 726 934 779 ut
975 720 1063 781 rei
1102 728 1278 798 geste
1335 721 1558 781 seriem
1609 721 1968 782 succinctus
2024 741 2229 781 sermo
2287 728 2699 799 pertranseat,
2758 739 2837 779 ne
2893 724 3047 779 dum

585 825 870 886 defectus
912 827 1165 886 eosdem
1209 826 1288 885 ad
1331 825 1842 887 humiliacionem
1886 836 2167 888 nostram
2203 827 2504 905 gestimus
2533 826 2895 905 exprimere,
2927 824 3051 884 sub

587 933 964 994 humilitatis
994 934 1198 1011 specie
1227 947 1442 993 notam
1489 934 1787 995 elacionis
1830 954 1941 994 seu
1984 935 2437 1013 qualiscunque
2464 932 2777 1012 jactancie
2804 933 3051 1009 ingerat

587 1038 820 1098 seriosa
847 1037 1143 1115 repeticio
1171 1037 1473 1109 veritatis,
1503 1058 1618 1099 nos
1660 1037 1891 1117 gradus
1934 1038 2354 1107 altitudinem,
2388 1045 2451 1099 et
2478 1038 2683 1099 oneris
2724 1035 3050 1097 iminentis

585 1150 765 1203 tante
829 1143 1181 1203 altitudinis
1245 1144 1563 1203 ascensori
1627 1145 1878 1216 molem,
1951 1143 2130 1204 nobis
2198 1146 2263 1203 in
2336 1144 2777 1205 Cardinalatus
2844 1142 3051 1203 officio

585 1249 972 1327 experiencie
1042 1250 1222 1327 longe
1300 1249 1627 1328 participio
1713 1268 1840 1308 non
1923 1250 2224 1328 ignotam,
2297 1255 2547 1309 attenta
2630 1247 3047 1307 meditacione

583 1362 945 1433 pensantes,
992 1355 1363 1433 eligencium
1413 1361 1476 1414 et
1523 1355 1925 1414 offerencium
1975 1354 2285 1415 instancie
2336 1354 2780 1415 insufficiencie
2830 1362 3047 1413 nostre

583 1462 1000 1539 imparitatem
1060 1461 1423 1540 objecimuS,
1481 1460 1871 1521 debilitatem
1928 1468 2231 1532 nostram,
2293 1461 2571 1520 dictante
2629 1458 3046 1529 consciencia,

583 1567 890 1645 imparem
945 1586 1091 1627 cum
1147 1567 1414 1645 repetita
1469 1566 1846 1626 multociens
1902 1568 2235 1627 relaxionis
2294 1566 2756 1645 supplicacione
2822 1562 3049 1624 humili

585 1674 953 1751 allegantes.
1067 1674 1350 1751 Cumque
1392 1691 1508 1732 nec
1551 1673 1639 1733 sic
1683 1680 1961 1733 cessaret
2002 1676 2251 1733 instans
2290 1673 2553 1733 fratrum
2600 1670 3051 1751 importunitas

585 1779 967 1849 eorumdem,
1025 1790 1123 1839 set
1177 1779 1302 1839 vim
1361 1780 1636 1839 inferens
1685 1788 1901 1839 nostro
1950 1780 2270 1857 proposito
2319 1778 2760 1839 vehemencius
2802 1776 3049 1854 collegii

582 1884 795 1963 jussus
824 1894 1090 1963 urgeret,
1124 1904 1360 1963 nosque
1391 1885 1763 1943 violenciam
1792 1884 2113 1963 pacientes
2156 1886 2571 1945 clamaremus
2604 1885 2895 1955 lacrimiS,
2928 1902 3051 1943 nec

582 1999 748 2051 esset
779 1993 884 2071 qui
915 1992 1130 2051 auditu
1170 1993 1597 2053 exaudicionis
1639 1994 1907 2066 audiret,
1940 1993 2423 2054 vociferaremur
2445 1992 2703 2071 gemitu,
2738 2011 2850 2051 nec
2883 1991 3049 2050 foret

581 2096 687 2175 qui
731 2082 1159 2157 remissionem
1205 2096 1474 2175 injuncti
1517 2100 1722 2159 oneris
1766 2097 2033 2176 benigno
2074 2097 2309 2177 judicio
2336 2097 2707 2176 indulgeret,
2739 2098 2821 2157 ad
2852 2097 3047 2156 Illum

581 2205 795 2263 oculos
825 2204 1052 2263 mentis
1081 2203 1393 2263 ereximus
1421 2205 1549 2283 qui,
1583 2205 1743 2265 sicut
1785 2205 2193 2283 premittitur,
2226 2204 2581 2265 Ecclesiam
2610 2224 2798 2283 quam
2836 2223 2947 2281 per
2978 2222 3049 2262 se

581 2309 867 2369 fundavit
909 2329 1036 2368 non
1079 2308 1334 2388 negligit
1377 2329 1587 2387 regere
1629 2330 1741 2389 per
1783 2311 2080 2388 seipsum,
2114 2319 2210 2370 set
2238 2329 2431 2389 quam
2479 2310 2582 2388 pie
2624 2309 2902 2369 condidit
2944 2308 3051 2386 pie

580 2415 775 2493 regit;
847 2422 912 2475 et
980 2433 1362 2493 quamquam
1419 2414 1496 2474 de
1553 2416 2002 2475 insufficiencia
2059 2422 2273 2475 nostra
2328 2416 2644 2489 timenteS,
2699 2415 2775 2475 de
2832 2434 3049 2493 super-

580 2520 1021 2581 habundancia
1089 2530 1304 2580 tamen
1386 2520 1848 2599 omnipotenoie
1921 2540 2032 2581 sue
2116 2522 2356 2593 confisi,
2430 2521 2726 2582 humeros
2798 2540 3053 2581 summo

579 2625 1075 2704 superhumerali
1122 2626 1504 2704 subjecimus
1555 2632 1618 2686 et
1669 2626 1989 2687 humiliter
2032 2628 2253 2706 jugum
2296 2627 2643 2688 subivimus
2685 2626 3051 2705 Apostolice

579 2731 941 2801 servitutis;
989 2739 1312 2808 sperantes
1359 2729 1527 2809 quod
1576 2731 1710 2810 ipse
1759 2731 1865 2810 qui
1917 2732 2089 2791 Petri
2137 2732 2401 2811 pedibus
2456 2732 2735 2792 marinos
2776 2730 3051 2792 vertices

578 2838 922 2907 inclinavit,
982 2844 1054 2897 ut
1109 2838 1226 2896 iter
1281 2836 1582 2915 liquidum
1644 2838 1939 2899 humanis
2008 2839 2324 2917 gressibus
2394 2838 2665 2899 solidum
2735 2838 3047 2917 preberet,

581 2942 947 3021 obsequium
1005 2942 1183 3028 nobis
1239 2961 1415 3021 quos,
1477 2942 1622 3002 licet
1677 2943 1988 3022 indign03,
2049 2945 2139 3003 illi
2199 2965 2313 3005 sua
2367 2946 2698 3005 constituit
2756 2946 3051 3022 dignacio

581 3066 1022 3116 successorem,
1081 3046 1144 3105 in
1217 3048 1414 3106 nostri
1485 3049 1859 3108 execucione
1928 3049 2259 3110 ministerii
2330 3050 2691 3111 humiliabit
2751 3071 2864 3130 per
2934 3070 3051 3111 sue

578 3152 830 3212 virtutis
870 3154 1222 3230 potenciam
1277 3153 1437 3213 colla
1481 3155 1799 3214 tumencia
1849 3156 2278 3233 superborum,
2325 3168 2390 3217 et
2441 3158 2655 3236 lapsus
2704 3158 2771 3217 in
2814 3158 3053 3219 delicta

581 3256 932 3316 labencium
981 3257 1349 3329 cohibend0,
1395 3278 1503 3318 eos
1553 3259 1616 3319 in
1671 3260 1975 3321 bonorum
2024 3262 2369 3324 stabilitate
2414 3284 2669 3342 operum
2725 3265 3047 3325 solidabit.

581 3363 673 3422 Ad
703 3364 868 3443 quod
897 3363 1231 3424 efficaciter
1258 3364 1666 3425 obtinendum
1698 3375 1944 3427 attente
1974 3370 2337 3429 oracionum
2367 3378 2714 3431 vestrarum
2747 3371 3051 3449 suffragia

579 3469 1006 3547 imploramus,
1041 3472 1508 3531 universitatem
1541 3480 1815 3533 vestram
1849 3483 2176 3536 monentes
2219 3496 2517 3555 rogamus
2546 3483 2609 3537 et
2638 3477 3051 3539 obsecrantes

579 3574 644 3633 in
689 3576 961 3634 Domino
1001 3576 1155 3635 Jesu
1199 3576 1470 3647 Christo,
1522 3578 1823 3655 quatinus
1874 3580 2242 3658 diligencius
2298 3582 2708 3642 attendentes
2750 3584 2913 3661 quod
2962 3583 3051 3643 ad

579 3679 742 3739 tanti
783 3679 1076 3755 ponderis
1117 3679 1430 3740 sarcinam
1473 3684 1970 3759 supportandum
2029 3686 2357 3765 pervigiles
2407 3693 2849 3765 cooperatores
2906 3707 3051 3749 esse

580 3802 692 3845 vos
721 3785 913 3863 exigit
943 3785 1118 3844 vobis
1147 3785 1212 3843 in
1245 3786 1465 3845 vestris
1494 3789 1785 3865 gregibus
1814 3790 2170 3850 sollicitudo
2209 3792 2548 3852 commissa
2580 3795 2647 3851 in
2677 3792 3049 3867 huiusmodi

577 3890 1040 3968 cooperacionis
1097 3892 1443 3951 ministerio
1499 3894 1883 3973 exequeudO,
1944 3915 2130 3975 super
2186 3916 2403 3975 greges
2460 3899 2718 3959 eosdem
2780 3898 3053 3960 sollicite

579 3996 930 4073 vigilantes,
988 3996 1296 4057 debilitati
1353 4006 1566 4058 nostre
1634 3999 2003 4061 devotarum
2060 4004 2420 4064 oracionum
2480 4013 2545 4064 et
2601 4006 3051 4084 placacionum

581 4101 840 4161 uberum
891 4101 1320 4180 frequentibus
1365 4103 1790 4166 oblacionibus
1840 4108 2195 4178 assistatis:
2270 4110 2351 4169 ab
2408 4110 2507 4170 Eo
2562 4110 2671 4190 qui
2728 4113 3052 4172 sarcinam

580 4206 758 4265 nobis
803 4206 1064 4266 eandem
1117 4207 1435 4283 imposuit,
1488 4227 1598 4268 seu
1640 4210 1860 4287 pocius
1904 4211 2115 4273 forsan
2162 4215 2402 4293 imponi
2452 4217 2760 4294 permisit,
2812 4218 3050 4296 suppli·

579 4311 934 4370 nacionibus
984 4310 1225 4371 devotis
1271 4320 1334 4370 et
1385 4311 1616 4373 sedulis
1662 4316 2073 4392 implorantes
2121 4326 2189 4379 ut
2242 4321 2349 4398 qui
2392 4340 2468 4379 ex
2524 4322 2761 4382 eisdem
2810 4323 3055 4385 nostris

581 4414 926 4474 defectibus
995 4414 1111 4475 sub
1181 4416 1348 4475 illius
1403 4434 1588 4476 onere
1645 4420 1985 4495 premimur
2038 4422 2235 4500 ipsius
2300 4444 2561 4485 munere
2620 4428 3050 4499 sublevemur,

579 4518 880 4599 nobisque
937 4520 1069 4597 ipse
1127 4520 1430 4579 bonorum
1480 4522 1737 4599 largitor
1792 4524 2069 4585 omnium
2132 4528 2221 4588 sic
2270 4528 2445 4590 illam
2494 4531 2575 4590 ad
2624 4533 2722 4591 sui
2772 4532 3055 4594 nominis

579 4623 827 4683 laudem
855 4631 919 4684 et
947 4624 1204 4702 gloriam
1235 4634 1514 4685 nostram
1545 4628 1881 4708 populique
1926 4632 2023 4691 sui
2064 4633 2335 4694 salutem
2377 4642 2632 4713 portare
2663 4656 2781 4698 sua
2806 4638 3055 4716 pietate

579 4729 902 4800 concedat,
927 4728 1091 4807 quod
1123 4729 1342 4789 eadem
1373 4730 1477 4807 pia
1509 4731 1714 4792 Mater
1743 4734 2031 4796 Ecclesia
2059 4737 2221 4797 filios
2253 4758 2400 4799 suos
2430 4760 2695 4802 numero
2726 4752 2791 4808 et
2822 4745 3057 4805 merito

579 4832 806 4893 nostris
848 4831 1250 4911 multiplicari
1293 4834 1675 4912 temporibus
1734 4838 2050 4917 glorietur.
2180 4844 2479 4906 Ceterum
2522 4846 2753 4908 fratres
2796 4856 2862 4908 et
2907 4849 3050 4921 filii,
