3459 5617
574 470 693 529 126
1112 526 1117 533 ,
1235 470 1591 549 Reqistrwm
1649 471 1870 534 Thome
1923 473 1997 534 de
2055 473 2386 553 Cantilupo

568 694 736 769 Quid
780 700 991 755 autem
1034 696 1179 755 inde
1222 695 1495 756 feceritis
1551 716 1686 768 nos,
1729 698 1830 758 vel
1875 699 2338 760 commissarios
2394 706 2658 773 nostros,
2703 701 2889 763 dictis
2933 703 3047 763 die

567 806 633 860 et
696 800 853 873 locO,
924 822 1035 880 per
1096 810 1342 863 vestras
1400 804 1641 865 litteras
1704 810 1997 883 patentes
2053 805 2279 865 harum
2335 808 2557 867 seriem
2614 808 3044 881 continentes,

567 904 846 967 reddatis
889 908 1212 969 cerciores.
1318 909 1623 970 Valeatis.
1728 911 1970 971 Datum
2015 912 2183 991 apud
2227 912 2509 992 Sugwas,
2555 914 2664 993 xiij
2710 914 3045 975 Kalendas

566 1011 857 1089 Augusti,
902 1014 1414 1077 Consecracionis
1456 1022 1669 1077 nostre
1712 1037 1880 1079 anno
1922 1019 2217 1080 secund0.

569 1267 723 1345 July
772 1269 1253 1330 22.—Mandate
1309 1277 1368 1330 to
1425 1270 1522 1332 the
1575 1271 1756 1331 Dean
1801 1273 1872 1351 os
1910 1273 2129 1334 Frome
2179 1281 2236 1335 to
2283 1274 2402 1335 cite
2451 1274 2656 1335 James
2705 1276 2780 1337 de
2824 1276 3035 1355 Aqua-

814 1349 1049 1420 blanca,
1090 1351 1473 1429 prebendam
1521 1352 1591 1431 os
1637 1352 1946 1431 Ledbury,
2003 1354 2182 1415 Peter
2235 1355 2362 1416 and
2414 1356 2684 1417 Pom-ius
2733 1356 2806 1417 de
2863 1358 3034 1429 Gor-3,

803 1431 1232 1509 prebendaries
1275 1433 1345 1512 of
1386 1433 1751 1510 Bromyard,
1794 1434 1921 1494 and
1965 1435 2062 1496 the
2101 1436 2352 1497 Recto‘rs
2393 1437 2464 1516 of
2507 1436 2866 1498 Whitburne
2904 1438 3038 1498 and

823 1510 883 1571 U
882 1510 1223 1589 llinqswick
1266 1520 1323 1573 to
1373 1534 1603 1603 appear
1651 1515 1846 1594 before
1903 1516 2000 1575 the
2054 1515 2291 1596 Bishop
2346 1516 2474 1577 and
2526 1538 2762 1579 answer
2819 1526 2876 1579 to
2933 1518 3036 1579 the

810 1592 1057 1670 charqes
1100 1594 1170 1673 of
1203 1594 1656 1655 mn-reszdeme
1696 1596 1824 1656 and
1863 1598 2142 1675 repeated
2181 1604 2554 1677 contumacy.

726 1751 813 1810 Et
856 1752 921 1810 in
964 1752 1274 1813 consimili
1317 1754 1685 1813 mandatum
1728 1761 1827 1814 est
1871 1755 2127 1815 Decano
2170 1754 2248 1814 de
2290 1756 2540 1816 Froma.

725 1884 1019 1955 Thomas,
1084 1890 1225 1955 etc.,
1297 1885 1552 1945 Decano
1616 1884 1692 1944 de
1763 1884 1993 1945 Froma
2063 1885 2352 1957 salutem,
2419 1893 2538 1945 etc.
2643 1886 3031 1947 Affectantes

563 1988 753 2048 variis
814 1988 1107 2067 periculis
1165 2010 1487 2049 occurrere
1547 2009 1667 2069 que
1729 2008 1806 2051 ex
1863 2009 2080 2051 eorum
2135 1990 2430 2051 absencia.
2485 1990 2751 2051 iminent
2805 1992 2912 2071 qui
2958 1992 3030 2051 in

559 2101 779 2154 nostra
842 2095 1073 2155 diocesi
1137 2102 1432 2155 tenentur
1494 2096 1741 2156 animas
1800 2116 2009 2173 regere
2067 2097 2132 2155 in
2191 2096 2323 2157 suis
2377 2096 2696 2157 beneficiis
2751 2097 3030 2175 legitime

562 2207 1046 2271 oommorantes,
1114 2200 1291 2261 vobis
1354 2207 1568 2261 tenore
1628 2202 2024 2281 presencium
2084 2202 2349 2262 firmiter
2411 2202 2794 2281 injungendo
2848 2222 3028 2263 man·

559 2305 786 2365 damus
845 2308 1141 2386 quatinus
1199 2307 1531 2367 Jacobum¹
1589 2308 1667 2368 de
1724 2310 1905 2387 Aqua
1961 2308 2230 2378 Blanka‚
2285 2310 2612 2369 Rectorem
2663 2310 2849 2369 unius
2889 2329 3030 2387 pre·

563 2411 765 2472 bende
802 2412 880 2471 de
924 2411 1274 2489 Ledebury,
1320 2412 1576 2473 Petrum
1618 2420 1681 2472 et
1722 2412 2025 2472 Poncium
2064 2413 2141 2473 de
2181 2413 2382 2485 Cors,²
2421 2415 2721 2475 Rectores
2757 2415 3028 2497 duarum

558 2518 1017 2599 prebendarum
1090 2520 1151 2579 in
1238 2519 1525 2579 Ecclesia
1594 2519 1671 2579 de
1742 2518 2114 2597 Bromyard,
2187 2519 2522 2597 Hugonem
2594 2519 2672 2579 de
2740 2519 3024 2591 Turnun,

562 2624 895 2684 Rectorem
960 2625 1220 2686 ecclesie
1282 2625 1359 2684 de
1422 2624 1828 2703 Wyteburne,
1901 2625 2050 2684 item
2117 2670 2132 2687 .
2200 2671 2213 2686 .
2285 2672 2298 2685 .
2363 2626 2694 2686 Rectorem
2763 2626 3028 2689 ecclesie

553 2730 634 2790 de
682 2731 1076 2808 Ullingwike,
1115 2731 1489 2791 auctoritate
1533 2742 1770 2802 nostra,
1815 2731 1879 2790 in
1923 2731 2202 2791 ecclesiis
2245 2732 2374 2792 suis
2415 2732 2734 2811 predictiS,
2778 2732 3028 2811 publice

552 2844 619 2899 et
691 2837 1122 2915 sollempniter
1190 2838 1503 2897 moneatis
1573 2839 1872 2918 quatinus
1941 2838 2100 2897 citra
2167 2838 2427 2899 Festum
2498 2839 2684 2899 Beati
2759 2839 3022 2911 Mathei,

560 2943 865 3021 Apostoli,
926 2944 1003 3003 ad
1070 2962 1222 3003 suas
1280 2943 1575 3003 ecclesias
1632 2943 1750 3003 sub
1813 2963 1977 3022 pena
2035 2943 2407 3022 privacionis
2476 2945 2759 3016 redeant,
2809 2946 2873 3004 in
2931 2945 3026 3006 eis

558 3047 973 3108 residenciam
1016 3047 1261 3119 facturi,
1305 3058 1490 3126 prout
1533 3047 1886 3125 precipiunt
1933 3050 2230 3107 canonice
2287 3050 2653 3109 sancciones
2677 3069 2692 3120 ;
2751 3050 3024 3110 citantes

554 3171 665 3213 eos
708 3153 1152 3212 nichilominus
1194 3152 1255 3211 in
1302 3152 1453 3212 locis
1497 3152 1874 3231 supradictis
1922 3152 2089 3232 quod
2137 3162 2544 3232 compareant
2586 3174 2798 3214 coram
2840 3154 3024 3215 nobis

555 3258 656 3318 die
698 3258 961 3319 Veneris
1017 3257 1298 3336 proximo
1354 3267 1496 3335 post
1546 3258 2024 3317 Exaltacionem
2079 3258 2309 3318 Sancte
2359 3258 2595 3330 Crucis,
2642 3259 3020 3339 ubicunque,

560 3368 680 3424 etc.
784 3363 947 3438 Quid
991 3370 1202 3423 autem
1246 3382 1433 3441 super
1472 3363 1594 3422 hiis
1646 3362 1938 3433 feceritis,
1984 3370 2104 3423 etc.
2209 3364 2448 3423 Datum
2505 3365 2673 3442 apud
2733 3366 3018 3445 Sugwas,

560 3469 623 3548 xj
671 3470 991 3529 Kalendas
1034 3469 1322 3547 Augusti,
1374 3468 1886 3529 Consecracionis
1930 3476 2141 3529 nostre
2183 3489 2348 3529 anno
2393 3470 2688 3531 secundo,

554 3724 710 3785 Nov.
770 3726 869 3795 24,
929 3722 1397 3802 1276.-Papal
1452 3722 1604 3783 Buzz
1659 3722 2049 3801 authorisinq
2100 3724 2196 3784 the
2247 3724 2482 3805 Bishop
2525 3732 2582 3786 to
2624 3726 3022 3805 appropriate

802 3804 899 3864 the
959 3823 1240 3865 revemces
1302 3803 1373 3882 os
1424 3803 1521 3863 the
1588 3803 1891 3864 charchas
1950 3804 2021 3883 of
2067 3804 2356 3883 Ledbury
2414 3806 2540 3867 and
2597 3808 2897 3885 Bosbury,
2955 3815 3020 3887 os

795 3884 998 3945 which
1042 3884 1111 3944 he
1154 3886 1209 3944 is
1242 3891 1487 3963 patron,
1534 3890 1591 3944 to
1637 3884 1734 3944 the
1775 3884 2020 3962 charqes
2062 3886 2133 3965 os
2169 3886 2266 3945 the
2307 3886 2646 3966 Episcopal
2687 3888 2890 3949 Table.

716 4040 947 4100 Burni
1029 4041 1305 4099 PAPAms
1386 4058 1671 4099 mmmm
1770 4041 2092 4101 Emscoro
2191 4042 2709 4104 Hnnusonnnnm
2807 4062 3018 4105 suren

550 4147 899 4207 Eccnssns
966 4164 1053 4206 Dm
1126 4148 1491 4206 Lennsmw
1560 4164 1643 4205 ΕΤ
1713 4146 2067 4207 Bosnstmr
2137 4166 2206 4208 m
2287 4167 2598 4210 Pnormos
2669 4168 2832 4211 usus
2899 4170 3014 4210 Bn-

552 4251 1385 4311 nNEND1S.—Innocencius
1427 4252 1799 4330 EpiscopuS,
1844 4254 2070 4313 Servus
2117 4274 2434 4315 servorum
2476 4256 2614 4326 Dei,
2655 4255 3014 4317 Venerabili

548 4358 757 4417 Fratri
828 4357 1145 4436 Episcopo
1218 4358 1664 4418 Herefordensi
1742 4359 2013 4419 salutem
2094 4370 2156 4420 et
2235 4362 2645 4440 apostolicam
2723 4363 3012 4423 benedic·

548 4464 815 4525 cionem.
902 4464 1060 4523 Cum
1107 4464 1503 4541 Episcopalis
1546 4482 1762 4523 mense
1797 4464 2078 4523 defectus
2111 4485 2185 4525 eo
2223 4466 2304 4525 sit
2341 4467 2591 4545 gravior
2621 4488 2746 4546 quo
2783 4467 3014 4529 sorcius

550 4575 849 4629 tenentur
890 4569 1188 4648 Episcopi
1223 4588 1299 4629 ex
1343 4569 1527 4629 officii
1562 4570 1659 4629 sui
1693 4569 1902 4629 debito
1936 4570 2198 4631 existere
2232 4572 2598 4651 hospitales,
2629 4593 2766 4645 nos,
2799 4575 3015 4635 audita.

549 4656 927 4735 necessitate
981 4693 1197 4735 mense
1262 4685 1387 4745 tue,
1452 4674 1633 4752 cujus
1690 4676 1847 4735 adeo
1917 4682 2138 4736 tenues
2194 4679 2423 4737 asseris
2478 4698 2617 4739 esse
2670 4686 3012 4758 proventus

617 4811 1255 4909 &Ill'rixehsssx'vggehanzmas
1292 4860 1342 4902 of
1376 4862 1459 4903 the
1492 4859 1786 4909 Chaucellor,
1813 4860 1864 4903 of
1887 4862 1970 4903 the
1995 4862 2300 4910 Aquablanca
2325 4864 2507 4913 family.
2535 4866 2628 4907 and
2655 4878 2737 4908 are
2761 4866 3019 4909 otherwise

542 4910 821 4958 designated
846 4922 903 4952 as
927 4910 989 4951 de
1016 4908 1230 4953 Salim's.
