<?xml version="1.0" encoding="UTF-8"?>
<!DOCTYPE html PUBLIC "-//W3C//DTD XHTML 1.0 Transitional//EN"
    "http://www.w3.org/TR/xhtml1/DTD/xhtml1-transitional.dtd">
<html xmlns="http://www.w3.org/1999/xhtml" xml:lang="en" lang="en">
 <head>
  <title>
</title>
<meta http-equiv="Content-Type" content="text/html;charset=utf-8" />
  <meta name='ocr-system' content='tesseract 3.04.00' />
  <meta name='ocr-capabilities' content='ocr_page ocr_carea ocr_par ocr_line ocrx_word'/>
</head>
<body>
  <div class='ocr_page' id='page_1' title='image "./canterburyandyo00unkngoog_0300.png"; bbox 0 0 3459 5617; ppageno 0'>
   <div class='ocr_carea' id='block_1_1' title="bbox 100 3056 173 3095">
    <p class='ocr_par' dir='ltr' id='par_1_1' title="bbox 100 3056 173 3095">
     <span class='ocr_line' id='line_1_1' title="bbox 100 3056 173 3095; baseline -0.014 0"><span class='ocrx_word' id='word_1_1' title='bbox 100 3056 173 3095; x_wconf 85' lang='lat'>58.</span> 
     </span>
    </p>
   </div>
   <div class='ocr_carea' id='block_1_2' title="bbox 1117 510 2762 591">
    <p class='ocr_par' dir='ltr' id='par_1_2' title="bbox 1117 510 2762 591">
     <span class='ocr_line' id='line_1_2' title="bbox 1117 510 2762 591; baseline 0.001 -21"><span class='ocrx_word' id='word_1_2' title='bbox 1117 510 1416 590; x_wconf 73' lang='lat' dir='ltr'>Episcopi</span> <span class='ocrx_word' id='word_1_3' title='bbox 1469 511 1950 591; x_wconf 71' lang='lat' dir='ltr'>Herefordensis.</span> <span class='ocrx_word' id='word_1_4' title='bbox 2643 511 2762 572; x_wconf 84' lang='lat'>205</span> 
     </span>
    </p>
   </div>
   <div class='ocr_carea' id='block_1_3' title="bbox 302 734 2764 1011">
    <p class='ocr_par' dir='ltr' id='par_1_3' title="bbox 302 734 2764 1011">
     <span class='ocr_line' id='line_1_3' title="bbox 306 734 2764 814; baseline -0 -18"><span class='ocrx_word' id='word_1_5' title='bbox 306 737 581 798; x_wconf 87' lang='lat' dir='ltr'>Domino</span> <span class='ocrx_word' id='word_1_6' title='bbox 624 735 1070 798; x_wconf 83' lang='lat' dir='ltr'>Herefordensi</span> <span class='ocrx_word' id='word_1_7' title='bbox 1113 735 1446 814; x_wconf 82' lang='lat' dir='ltr'>EpiscopO,</span> <span class='ocrx_word' id='word_1_8' title='bbox 1486 735 1565 794; x_wconf 89' lang='lat' dir='ltr'>ad</span> <span class='ocrx_word' id='word_1_9' title='bbox 1604 735 1904 796; x_wconf 82' lang='lat' dir='ltr'><strong>Ordinem</strong></span> <span class='ocrx_word' id='word_1_10' title='bbox 1941 735 2308 796; x_wconf 71' lang='lat' dir='ltr'><strong>diaconatus</strong></span> <span class='ocrx_word' id='word_1_11' title='bbox 2348 734 2518 796; x_wconf 90' lang='lat' dir='ltr'>licite</span> <span class='ocrx_word' id='word_1_12' title='bbox 2554 734 2764 796; x_wconf 83' lang='lat' dir='ltr'>valeas</span> 
     </span>
     <span class='ocr_line' id='line_1_4' title="bbox 302 839 2764 923; baseline -0.001 -21"><span class='ocrx_word' id='word_1_13' title='bbox 302 843 672 923; x_wconf 88' lang='lat' dir='ltr'>promoveri,</span> <span class='ocrx_word' id='word_1_14' title='bbox 731 846 848 903; x_wconf 90' lang='lat' dir='ltr'>etc.</span> <span class='ocrx_word' id='word_1_15' title='bbox 950 843 1183 902; x_wconf 88' lang='lat' dir='ltr'>Datum</span> <span class='ocrx_word' id='word_1_16' title='bbox 1250 843 1415 921; x_wconf 88' lang='lat' dir='ltr'>apud</span> <span class='ocrx_word' id='word_1_17' title='bbox 1480 840 1880 920; x_wconf 87' lang='lat' dir='ltr'>Hertlebury,</span> <span class='ocrx_word' id='word_1_18' title='bbox 1939 841 2021 920; x_wconf 86' lang='lat' dir='ltr'>vij</span> <span class='ocrx_word' id='word_1_19' title='bbox 2089 841 2242 902; x_wconf 89' lang='lat' dir='ltr'>Idus</span> <span class='ocrx_word' id='word_1_20' title='bbox 2307 840 2545 912; x_wconf 85' lang='lat' dir='ltr'>Marcii,</span> <span class='ocrx_word' id='word_1_21' title='bbox 2603 839 2764 902; x_wconf 86' lang='lat' dir='ltr'>Gon-</span> 
     </span>
     <span class='ocr_line' id='line_1_5' title="bbox 304 948 1573 1011; baseline -0.002 -1"><span class='ocrx_word' id='word_1_22' title='bbox 304 949 677 1011; x_wconf 85' lang='lat' dir='ltr'>secraciom‘s</span> <span class='ocrx_word' id='word_1_23' title='bbox 732 954 947 1010; x_wconf 88' lang='lat' dir='ltr'>nostre</span> <span class='ocrx_word' id='word_1_24' title='bbox 1003 968 1169 1009; x_wconf 90' lang='lat' dir='ltr'>anno</span> <span class='ocrx_word' id='word_1_25' title='bbox 1223 948 1573 1009; x_wconf 90' lang='lat' dir='ltr'>undecimo.</span> 
     </span>
    </p>
   </div>
   <div class='ocr_carea' id='block_1_4' title="bbox 302 1227 2766 1307">
    <p class='ocr_par' dir='ltr' id='par_1_4' title="bbox 302 1227 2766 1307">
     <span class='ocr_line' id='line_1_6' title="bbox 302 1227 2766 1307; baseline 0 -19"><span class='ocrx_word' id='word_1_26' title='bbox 302 1229 456 1307; x_wconf 74' lang='lat' dir='ltr'>May</span> <span class='ocrx_word' id='word_1_27' title='bbox 504 1227 1104 1290; x_wconf 79' lang='lat' dir='ltr'>7.—Memorandum</span> <span class='ocrx_word' id='word_1_28' title='bbox 1144 1227 1279 1288; x_wconf 77' lang='lat' dir='ltr'>that</span> <span class='ocrx_word' id='word_1_29' title='bbox 1319 1247 1360 1288; x_wconf 88' lang='lat' dir='ltr'>a</span> <span class='ocrx_word' id='word_1_30' title='bbox 1403 1227 1573 1288; x_wconf 77' lang='lat' dir='ltr'>letter</span> <span class='ocrx_word' id='word_1_31' title='bbox 1604 1234 1822 1306; x_wconf 80' lang='lat' dir='ltr'>patent</span> <span class='ocrx_word' id='word_1_32' title='bbox 1868 1227 2203 1307; x_wconf 77' lang='lat' dir='ltr'>respectinq</span> <span class='ocrx_word' id='word_1_33' title='bbox 2247 1227 2345 1288; x_wconf 76' lang='lat' dir='ltr'>the</span> <span class='ocrx_word' id='word_1_34' title='bbox 2387 1227 2654 1307; x_wconf 79' lang='lat' dir='ltr'>transfer</span> <span class='ocrx_word' id='word_1_35' title='bbox 2694 1228 2766 1307; x_wconf 85' lang='lat' dir='ltr'>os</span> 
     </span>
    </p>
   </div>
   <div class='ocr_carea' id='block_1_5' title="bbox 543 1307 2756 1468">
    <p class='ocr_par' dir='ltr' id='par_1_5' title="bbox 543 1307 2756 1468">
     <span class='ocr_line' id='line_1_7' title="bbox 550 1307 2756 1389; baseline -0.001 -19"><span class='ocrx_word' id='word_1_36' title='bbox 550 1309 647 1370; x_wconf 74' lang='lat' dir='ltr'>the</span> <span class='ocrx_word' id='word_1_37' title='bbox 677 1308 991 1388; x_wconf 78' lang='lat' dir='ltr'>wardship</span> <span class='ocrx_word' id='word_1_38' title='bbox 1035 1308 1161 1368; x_wconf 74' lang='lat' dir='ltr'>and</span> <span class='ocrx_word' id='word_1_39' title='bbox 1208 1307 1513 1386; x_wconf 74' lang='lat' dir='ltr'>marriaqe</span> <span class='ocrx_word' id='word_1_40' title='bbox 1552 1308 1624 1388; x_wconf 91' lang='lat' dir='ltr'>of</span> <span class='ocrx_word' id='word_1_41' title='bbox 1659 1308 1756 1368; x_wconf 73' lang='lat' dir='ltr'>the</span> <span class='ocrx_word' id='word_1_42' title='bbox 1800 1308 1932 1368; x_wconf 76' lang='lat' dir='ltr'>heir</span> <span class='ocrx_word' id='word_1_43' title='bbox 1971 1309 2041 1389; x_wconf 91' lang='lat' dir='ltr'>of</span> <span class='ocrx_word' id='word_1_44' title='bbox 2092 1309 2362 1387; x_wconf 81' lang='lat' dir='ltr'>[Robert]</span> <span class='ocrx_word' id='word_1_45' title='bbox 2421 1309 2491 1388; x_wconf 66' lang='grc' dir='ltr'>ο]</span> <span class='ocrx_word' id='word_1_46' title='bbox 2525 1308 2756 1387; x_wconf 79' lang='lat' dir='ltr'>Earley</span> 
     </span>
     <span class='ocr_line' id='line_1_8' title="bbox 543 1388 1946 1468; baseline -0.001 -17"><span class='ocrx_word' id='word_1_47' title='bbox 543 1411 668 1451; x_wconf 75' lang='lat' dir='ltr'>was</span> <span class='ocrx_word' id='word_1_48' title='bbox 724 1389 1033 1450; x_wconf 71' lang='lat' dir='ltr'>antrusted</span> <span class='ocrx_word' id='word_1_49' title='bbox 1076 1395 1133 1449; x_wconf 83' lang='lat' dir='ltr'>to</span> <span class='ocrx_word' id='word_1_50' title='bbox 1176 1388 1454 1450; x_wconf 75' lang='lat' dir='ltr'><strong><em>Maurice</em></strong></span> <span class='ocrx_word' id='word_1_51' title='bbox 1494 1389 1567 1449; x_wconf 75' lang='lat' dir='ltr'>de</span> <span class='ocrx_word' id='word_1_52' title='bbox 1608 1389 1686 1448; x_wconf 84' lang='lat' dir='ltr'><strong><em>M</em></strong></span> <span class='ocrx_word' id='word_1_53' title='bbox 1681 1389 1946 1468; x_wconf 78' lang='lat' dir='ltr'>embury.</span> 
     </span>
    </p>
   </div>
   <div class='ocr_carea' id='block_1_6' title="bbox 298 1544 2764 1946">
    <p class='ocr_par' dir='ltr' id='par_1_6' title="bbox 298 1544 2764 1946">
     <span class='ocr_line' id='line_1_9' title="bbox 468 1544 2764 1624; baseline -0.001 -16"><span class='ocrx_word' id='word_1_54' title='bbox 468 1549 844 1608; x_wconf 75' lang='lat' dir='ltr'>MAmuoms</span> <span class='ocrx_word' id='word_1_55' title='bbox 913 1565 999 1606; x_wconf 73' lang='lat' dir='ltr'>nn</span> <span class='ocrx_word' id='word_1_56' title='bbox 1072 1545 1995 1607; x_wconf 70' lang='lat' dir='ltr'>Mnunrnr.—Memorandum</span> <span class='ocrx_word' id='word_1_57' title='bbox 2075 1545 2242 1624; x_wconf 89' lang='lat' dir='ltr'>quod</span> <span class='ocrx_word' id='word_1_58' title='bbox 2323 1544 2591 1624; x_wconf 87' lang='lat' dir='ltr'>septimo</span> <span class='ocrx_word' id='word_1_59' title='bbox 2663 1545 2764 1606; x_wconf 90' lang='lat' dir='ltr'>die</span> 
     </span>
     <span class='ocr_line' id='line_1_10' title="bbox 302 1650 2764 1733; baseline -0.002 -18"><span class='ocrx_word' id='word_1_60' title='bbox 302 1655 480 1726; x_wconf 85' lang='lat' dir='ltr'>Maii,</span> <span class='ocrx_word' id='word_1_61' title='bbox 524 1655 689 1733; x_wconf 90' lang='lat' dir='ltr'>apud</span> <span class='ocrx_word' id='word_1_62' title='bbox 745 1652 1105 1722; x_wconf 85' lang='lat' dir='ltr'>Totenhale,</span> <span class='ocrx_word' id='word_1_63' title='bbox 1152 1653 1383 1712; x_wconf 89' lang='lat' dir='ltr'>tradita</span> <span class='ocrx_word' id='word_1_64' title='bbox 1423 1652 1543 1712; x_wconf 87' lang='lat' dir='ltr'>fuit</span> <span class='ocrx_word' id='word_1_65' title='bbox 1586 1652 1892 1712; x_wconf 76' lang='lat' dir='ltr'>Mauricio</span> <span class='ocrx_word' id='word_1_66' title='bbox 1935 1651 2011 1712; x_wconf 91' lang='lat' dir='ltr'>de</span> <span class='ocrx_word' id='word_1_67' title='bbox 2054 1650 2407 1729; x_wconf 87' lang='lat' dir='ltr'>Membury‚</span> <span class='ocrx_word' id='word_1_68' title='bbox 2453 1651 2572 1711; x_wconf 90' lang='lat' dir='ltr'>iter</span> <span class='ocrx_word' id='word_1_69' title='bbox 2615 1651 2764 1710; x_wconf 90' lang='lat' dir='ltr'>arri-</span> 
     </span>
     <span class='ocr_line' id='line_1_11' title="bbox 298 1759 2764 1842; baseline -0.001 -19"><span class='ocrx_word' id='word_1_70' title='bbox 298 1762 504 1842; x_wconf 91' lang='lat' dir='ltr'>pienti</span> <span class='ocrx_word' id='word_1_71' title='bbox 530 1781 747 1823; x_wconf 90' lang='lat' dir='ltr'>versus</span> <span class='ocrx_word' id='word_1_72' title='bbox 789 1766 1000 1840; x_wconf 88' lang='lat' dir='ltr'>partes</span> <span class='ocrx_word' id='word_1_73' title='bbox 1042 1781 1207 1830; x_wconf 89' lang='lat' dir='ltr'>suas,</span> <span class='ocrx_word' id='word_1_74' title='bbox 1237 1761 1447 1821; x_wconf 87' lang='lat' dir='ltr'>littera</span> <span class='ocrx_word' id='word_1_75' title='bbox 1490 1760 1745 1821; x_wconf 87' lang='lat' dir='ltr'>Domini</span> <span class='ocrx_word' id='word_1_76' title='bbox 1789 1760 1978 1839; x_wconf 84' lang='lat' dir='ltr'>Regis</span> <span class='ocrx_word' id='word_1_77' title='bbox 2019 1765 2243 1839; x_wconf 90' lang='lat' dir='ltr'>patens</span> <span class='ocrx_word' id='word_1_78' title='bbox 2289 1759 2364 1820; x_wconf 91' lang='lat' dir='ltr'>de</span> <span class='ocrx_word' id='word_1_79' title='bbox 2397 1759 2764 1820; x_wconf 89' lang='lat' dir='ltr'>vendicione</span> 
     </span>
     <span class='ocr_line' id='line_1_12' title="bbox 301 1864 2596 1946; baseline -0.002 -17"><span class='ocrx_word' id='word_1_80' title='bbox 301 1873 369 1929; x_wconf 88' lang='lat' dir='ltr'>et</span> <span class='ocrx_word' id='word_1_81' title='bbox 411 1867 812 1928; x_wconf 76' lang='lat' dir='ltr'>concessione</span> <span class='ocrx_word' id='word_1_82' title='bbox 854 1866 1136 1926; x_wconf 77' lang='lat' dir='ltr'>custodie</span> <span class='ocrx_word' id='word_1_83' title='bbox 1179 1872 1241 1927; x_wconf 91' lang='lat' dir='ltr'>et</span> <span class='ocrx_word' id='word_1_84' title='bbox 1284 1866 1593 1946; x_wconf 87' lang='lat' dir='ltr'>maritagii</span> <span class='ocrx_word' id='word_1_85' title='bbox 1636 1871 1800 1926; x_wconf 88' lang='lat' dir='ltr'>terre</span> <span class='ocrx_word' id='word_1_86' title='bbox 1842 1872 1906 1926; x_wconf 92' lang='lat' dir='ltr'>et</span> <span class='ocrx_word' id='word_1_87' title='bbox 1947 1865 2193 1926; x_wconf 89' lang='lat' dir='ltr'>heredis</span> <span class='ocrx_word' id='word_1_88' title='bbox 2237 1865 2312 1925; x_wconf 90' lang='lat' dir='ltr'>de</span> <span class='ocrx_word' id='word_1_89' title='bbox 2355 1864 2596 1944; x_wconf 85' lang='lat' dir='ltr'>Arleye.</span> 
     </span>
    </p>
   </div>
   <div class='ocr_carea' id='block_1_7' title="bbox 302 2146 2768 2309">
    <p class='ocr_par' dir='ltr' id='par_1_7' title="bbox 302 2146 2768 2309">
     <span class='ocr_line' id='line_1_13' title="bbox 302 2146 2768 2228; baseline 0 -20"><span class='ocrx_word' id='word_1_90' title='bbox 302 2148 453 2228; x_wconf 79' lang='lat' dir='ltr'>Apr.</span> <span class='ocrx_word' id='word_1_91' title='bbox 496 2148 825 2208; x_wconf 81' lang='lat' dir='ltr'>25.·—Sale</span> <span class='ocrx_word' id='word_1_92' title='bbox 879 2148 950 2228; x_wconf 91' lang='lat' dir='ltr'>of</span> <span class='ocrx_word' id='word_1_93' title='bbox 993 2147 1090 2208; x_wconf 76' lang='lat' dir='ltr'>the</span> <span class='ocrx_word' id='word_1_94' title='bbox 1136 2147 1334 2226; x_wconf 72' lang='lat' dir='ltr'>riqhts</span> <span class='ocrx_word' id='word_1_95' title='bbox 1376 2147 1446 2226; x_wconf 86' lang='lat' dir='ltr'>of</span> <span class='ocrx_word' id='word_1_96' title='bbox 1494 2146 1810 2226; x_wconf 77' lang='lat' dir='ltr'>wardship</span> <span class='ocrx_word' id='word_1_97' title='bbox 1851 2146 1977 2207; x_wconf 82' lang='lat' dir='ltr'>and</span> <span class='ocrx_word' id='word_1_98' title='bbox 2017 2147 2324 2226; x_wconf 74' lang='lat' dir='ltr'>marriaqe</span> <span class='ocrx_word' id='word_1_99' title='bbox 2364 2148 2434 2227; x_wconf 85' lang='lat' dir='ltr'>of</span> <span class='ocrx_word' id='word_1_100' title='bbox 2492 2147 2590 2208; x_wconf 75' lang='lat' dir='ltr'>the</span> <span class='ocrx_word' id='word_1_101' title='bbox 2634 2147 2768 2208; x_wconf 76' lang='lat' dir='ltr'>heir</span> 
     </span>
     <span class='ocr_line' id='line_1_14' title="bbox 548 2227 2140 2309; baseline 0 -20"><span class='ocrx_word' id='word_1_102' title='bbox 548 2230 618 2309; x_wconf 85' lang='lat' dir='ltr'>of</span> <span class='ocrx_word' id='word_1_103' title='bbox 650 2229 877 2290; x_wconf 76' lang='lat' dir='ltr'>Robert</span> <span class='ocrx_word' id='word_1_104' title='bbox 916 2228 989 2289; x_wconf 80' lang='lat' dir='ltr'>de</span> <span class='ocrx_word' id='word_1_105' title='bbox 1038 2227 1413 2289; x_wconf 77' lang='lat' dir='ltr'>Walissnede</span> <span class='ocrx_word' id='word_1_106' title='bbox 1456 2234 1512 2288; x_wconf 99' lang='grc' dir='ltr'>ιο</span> <span class='ocrx_word' id='word_1_107' title='bbox 1558 2227 1653 2288; x_wconf 77' lang='lat' dir='ltr'>his</span> <span class='ocrx_word' id='word_1_108' title='bbox 1695 2227 1910 2288; x_wconf 81' lang='lat' dir='ltr'>widow</span> <span class='ocrx_word' id='word_1_109' title='bbox 1952 2227 2140 2289; x_wconf 75' lang='lat' dir='ltr'>Alica.</span> 
     </span>
    </p>
   </div>
   <div class='ocr_carea' id='block_1_8' title="bbox 306 2383 2833 3944">
    <p class='ocr_par' dir='ltr' id='par_1_8' title="bbox 306 2383 2833 3944">
     <span class='ocr_line' id='line_1_15' title="bbox 469 2383 2763 2455; baseline -0.002 -7"><span class='ocrx_word' id='word_1_110' title='bbox 469 2386 829 2448; x_wconf 69' lang='lat' dir='ltr'>Goncnssxo</span> <span class='ocrx_word' id='word_1_111' title='bbox 904 2402 1243 2446; x_wconf 62' lang='lat' dir='ltr'>cucusum</span> <span class='ocrx_word' id='word_1_112' title='bbox 1326 2383 2079 2444; x_wconf 56' lang='lat' dir='ltr'>uastatur—Omnibus</span> <span class='ocrx_word' id='word_1_113' title='bbox 2153 2383 2387 2444; x_wconf 76' lang='lat' dir='ltr'>Christi</span> <span class='ocrx_word' id='word_1_114' title='bbox 2457 2383 2763 2455; x_wconf 88' lang='lat' dir='ltr'>fidelibus,</span> 
     </span>
     <span class='ocr_line' id='line_1_16' title="bbox 306 2490 2766 2564; baseline -0.001 -9"><span class='ocrx_word' id='word_1_115' title='bbox 306 2499 447 2564; x_wconf 69' lang='lat' dir='ltr'>etc„</span> <span class='ocrx_word' id='word_1_116' title='bbox 506 2493 797 2563; x_wconf 84' lang='lat' dir='ltr'>Thomas,</span> <span class='ocrx_word' id='word_1_117' title='bbox 858 2498 995 2563; x_wconf 91' lang='lat' dir='ltr'>etc.,</span> <span class='ocrx_word' id='word_1_118' title='bbox 1056 2491 1341 2561; x_wconf 88' lang='lat' dir='ltr'>salutem,</span> <span class='ocrx_word' id='word_1_119' title='bbox 1402 2497 1519 2552; x_wconf 89' lang='lat' dir='ltr'>etc.</span> <span class='ocrx_word' id='word_1_120' title='bbox 1625 2491 1888 2552; x_wconf 77' lang='lat' dir='ltr'>Noverit</span> <span class='ocrx_word' id='word_1_121' title='bbox 1946 2490 2322 2551; x_wconf 72' lang='lat' dir='ltr'>universitas</span> <span class='ocrx_word' id='word_1_122' title='bbox 2383 2494 2592 2551; x_wconf 88' lang='lat' dir='ltr'>vestra</span> <span class='ocrx_word' id='word_1_123' title='bbox 2648 2509 2766 2552; x_wconf 88' lang='lat' dir='ltr'>nos</span> 
     </span>
     <span class='ocr_line' id='line_1_17' title="bbox 306 2595 2766 2676; baseline -0.001 -16"><span class='ocrx_word' id='word_1_124' title='bbox 306 2599 662 2661; x_wconf 89' lang='lat' dir='ltr'>vendidisse</span> <span class='ocrx_word' id='word_1_125' title='bbox 716 2603 781 2659; x_wconf 87' lang='lat' dir='ltr'>et</span> <span class='ocrx_word' id='word_1_126' title='bbox 836 2597 1219 2659; x_wconf 75' lang='lat' dir='ltr'>concessisse</span> <span class='ocrx_word' id='word_1_127' title='bbox 1275 2596 1488 2667; x_wconf 91' lang='lat' dir='ltr'>Alicie,</span> <span class='ocrx_word' id='word_1_128' title='bbox 1532 2617 1653 2676; x_wconf 92' lang='lat' dir='ltr'>que</span> <span class='ocrx_word' id='word_1_129' title='bbox 1708 2596 1828 2657; x_wconf 83' lang='lat' dir='ltr'>fuit</span> <span class='ocrx_word' id='word_1_130' title='bbox 1882 2616 2038 2656; x_wconf 86' lang='lat' dir='ltr'>uxor</span> <span class='ocrx_word' id='word_1_131' title='bbox 2093 2595 2352 2657; x_wconf 89' lang='lat' dir='ltr'>Roberti</span> <span class='ocrx_word' id='word_1_132' title='bbox 2407 2596 2484 2657; x_wconf 97' lang='lat' dir='ltr'>de</span> <span class='ocrx_word' id='word_1_133' title='bbox 2540 2596 2766 2657; x_wconf 86' lang='lat' dir='ltr'>Walis-</span> 
     </span>
     <span class='ocr_line' id='line_1_18' title="bbox 308 2700 2768 2782; baseline -0.002 -17"><span class='ocrx_word' id='word_1_134' title='bbox 308 2705 517 2774; x_wconf 90' lang='lat' dir='ltr'>snede,</span> <span class='ocrx_word' id='word_1_135' title='bbox 580 2723 694 2782; x_wconf 90' lang='lat' dir='ltr'>pro</span> <span class='ocrx_word' id='word_1_136' title='bbox 756 2703 1025 2782; x_wconf 89' lang='lat' dir='ltr'>quadam</span> <span class='ocrx_word' id='word_1_137' title='bbox 1082 2702 1345 2782; x_wconf 88' lang='lat' dir='ltr'>pecunie</span> <span class='ocrx_word' id='word_1_138' title='bbox 1402 2721 1665 2772; x_wconf 86' lang='lat' dir='ltr'>summa,</span> <span class='ocrx_word' id='word_1_139' title='bbox 1729 2700 2126 2781; x_wconf 87' lang='lat' dir='ltr'>maritagium</span> <span class='ocrx_word' id='word_1_140' title='bbox 2183 2700 2459 2772; x_wconf 89' lang='lat' dir='ltr'>Roberti,</span> <span class='ocrx_word' id='word_1_141' title='bbox 2523 2700 2635 2760; x_wconf 90' lang='lat' dir='ltr'>filii</span> <span class='ocrx_word' id='word_1_142' title='bbox 2703 2705 2768 2761; x_wconf 88' lang='lat' dir='ltr'>et</span> 
     </span>
     <span class='ocr_line' id='line_1_19' title="bbox 308 2806 2767 2889; baseline 0 -21"><span class='ocrx_word' id='word_1_143' title='bbox 308 2810 556 2871; x_wconf 91' lang='lat' dir='ltr'>heredis</span> <span class='ocrx_word' id='word_1_144' title='bbox 612 2809 875 2889; x_wconf 88' lang='lat' dir='ltr'>predicti</span> <span class='ocrx_word' id='word_1_145' title='bbox 934 2807 1209 2878; x_wconf 86' lang='lat' dir='ltr'>Roberti,</span> <span class='ocrx_word' id='word_1_146' title='bbox 1253 2808 1441 2868; x_wconf 88' lang='lat' dir='ltr'>simul</span> <span class='ocrx_word' id='word_1_147' title='bbox 1482 2827 1626 2867; x_wconf 89' lang='lat' dir='ltr'>cum</span> <span class='ocrx_word' id='word_1_148' title='bbox 1668 2806 1952 2868; x_wconf 88' lang='lat' dir='ltr'>custodia</span> <span class='ocrx_word' id='word_1_149' title='bbox 2007 2806 2290 2868; x_wconf 91' lang='lat' dir='ltr'>omnium</span> <span class='ocrx_word' id='word_1_150' title='bbox 2345 2812 2652 2867; x_wconf 88' lang='lat' dir='ltr'>terrarum</span> <span class='ocrx_word' id='word_1_151' title='bbox 2702 2812 2767 2868; x_wconf 89' lang='lat' dir='ltr'>et</span> 
     </span>
     <span class='ocr_line' id='line_1_20' title="bbox 311 2912 2767 2993; baseline -0.001 -18"><span class='ocrx_word' id='word_1_152' title='bbox 311 2919 811 2976; x_wconf 89' lang='lat' dir='ltr'>tenementorum</span> <span class='ocrx_word' id='word_1_153' title='bbox 870 2934 991 2993; x_wconf 89' lang='lat' dir='ltr'>que</span> <span class='ocrx_word' id='word_1_154' title='bbox 1041 2913 1321 2993; x_wconf 86' lang='lat' dir='ltr'>prefatus</span> <span class='ocrx_word' id='word_1_155' title='bbox 1380 2913 1691 2974; x_wconf 88' lang='lat' dir='ltr'>Robertus</span> <span class='ocrx_word' id='word_1_156' title='bbox 1749 2913 1827 2973; x_wconf 90' lang='lat' dir='ltr'>de</span> <span class='ocrx_word' id='word_1_157' title='bbox 1885 2912 2065 2973; x_wconf 91' lang='lat' dir='ltr'>nobis</span> <span class='ocrx_word' id='word_1_158' title='bbox 2123 2913 2328 2973; x_wconf 92' lang='lat' dir='ltr'>tenuit</span> <span class='ocrx_word' id='word_1_159' title='bbox 2387 2913 2454 2971; x_wconf 92' lang='lat' dir='ltr'>in</span> <span class='ocrx_word' id='word_1_160' title='bbox 2501 2912 2648 2973; x_wconf 89' lang='lat' dir='ltr'>villa</span> <span class='ocrx_word' id='word_1_161' title='bbox 2689 2913 2767 2974; x_wconf 91' lang='lat' dir='ltr'>de</span> 
     </span>
     <span class='ocr_line' id='line_1_21' title="bbox 310 3017 2766 3099; baseline -0.002 -17"><span class='ocrx_word' id='word_1_162' title='bbox 310 3020 721 3091; x_wconf 90' lang='lat' dir='ltr'>Walissnede,</span> <span class='ocrx_word' id='word_1_163' title='bbox 791 3039 989 3099; x_wconf 92' lang='lat' dir='ltr'>usque</span> <span class='ocrx_word' id='word_1_164' title='bbox 1058 3019 1137 3079; x_wconf 88' lang='lat' dir='ltr'>ad</span> <span class='ocrx_word' id='word_1_165' title='bbox 1198 3019 1542 3097; x_wconf 78' lang='lat' dir='ltr'>legitimam</span> <span class='ocrx_word' id='word_1_166' title='bbox 1610 3023 1846 3079; x_wconf 90' lang='lat' dir='ltr'>etatem</span> <span class='ocrx_word' id='word_1_167' title='bbox 1926 3018 2189 3097; x_wconf 88' lang='lat' dir='ltr'>predicti</span> <span class='ocrx_word' id='word_1_168' title='bbox 2272 3017 2549 3089; x_wconf 87' lang='lat' dir='ltr'>Roberti,</span> <span class='ocrx_word' id='word_1_169' title='bbox 2621 3038 2766 3078; x_wconf 88' lang='lat' dir='ltr'>cum</span> 
     </span>
     <span class='ocr_line' id='line_1_22' title="bbox 310 3123 2766 3204; baseline -0.002 -16"><span class='ocrx_word' id='word_1_170' title='bbox 310 3126 601 3188; x_wconf 88' lang='lat' dir='ltr'>omnibus</span> <span class='ocrx_word' id='word_1_171' title='bbox 647 3125 1051 3204; x_wconf 87' lang='lat' dir='ltr'>pertinenciis</span> <span class='ocrx_word' id='word_1_172' title='bbox 1099 3128 1163 3185; x_wconf 89' lang='lat' dir='ltr'>et</span> <span class='ocrx_word' id='word_1_173' title='bbox 1217 3124 1532 3185; x_wconf 86' lang='lat' dir='ltr'>excahetis</span> <span class='ocrx_word' id='word_1_174' title='bbox 1580 3125 1659 3183; x_wconf 88' lang='lat' dir='ltr'>ad</span> <span class='ocrx_word' id='word_1_175' title='bbox 1713 3123 1947 3183; x_wconf 90' lang='lat' dir='ltr'>dictam</span> <span class='ocrx_word' id='word_1_176' title='bbox 1996 3123 2346 3184; x_wconf 76' lang='lat' dir='ltr'>custodiam</span> <span class='ocrx_word' id='word_1_177' title='bbox 2399 3123 2766 3202; x_wconf 90' lang='lat' dir='ltr'>pertinenti-</span> 
     </span>
     <span class='ocr_line' id='line_1_23' title="bbox 310 3229 2767 3310; baseline -0.001 -18"><span class='ocrx_word' id='word_1_178' title='bbox 310 3233 445 3292; x_wconf 91' lang='lat' dir='ltr'>bus.</span> <span class='ocrx_word' id='word_1_179' title='bbox 530 3232 618 3291; x_wconf 86' lang='lat' dir='ltr'>Et</span> <span class='ocrx_word' id='word_1_180' title='bbox 666 3231 720 3291; x_wconf 94' lang='lat' dir='ltr'>si</span> <span class='ocrx_word' id='word_1_181' title='bbox 757 3232 835 3292; x_wconf 90' lang='lat' dir='ltr'>de</span> <span class='ocrx_word' id='word_1_182' title='bbox 873 3231 1009 3310; x_wconf 91' lang='lat' dir='ltr'>ipso</span> <span class='ocrx_word' id='word_1_183' title='bbox 1058 3229 1332 3290; x_wconf 87' lang='lat' dir='ltr'>Roberto</span> <span class='ocrx_word' id='word_1_184' title='bbox 1374 3235 1710 3308; x_wconf 86' lang='lat' dir='ltr'>antequam</span> <span class='ocrx_word' id='word_1_185' title='bbox 1755 3229 1832 3288; x_wconf 88' lang='lat' dir='ltr'>ad</span> <span class='ocrx_word' id='word_1_186' title='bbox 1873 3229 2124 3308; x_wconf 90' lang='lat' dir='ltr'>plenam</span> <span class='ocrx_word' id='word_1_187' title='bbox 2167 3232 2402 3289; x_wconf 88' lang='lat' dir='ltr'>etatem</span> <span class='ocrx_word' id='word_1_188' title='bbox 2442 3229 2767 3306; x_wconf 87' lang='lat' dir='ltr'>perveniat</span> 
     </span>
     <span class='ocr_line' id='line_1_24' title="bbox 310 3333 2765 3416; baseline -0.002 -17"><span class='ocrx_word' id='word_1_189' title='bbox 310 3338 677 3399; x_wconf 91' lang='lat' dir='ltr'>humanitus</span> <span class='ocrx_word' id='word_1_190' title='bbox 739 3337 1085 3416; x_wconf 89' lang='lat' dir='ltr'>contigerit,</span> <span class='ocrx_word' id='word_1_191' title='bbox 1144 3335 1433 3397; x_wconf 88' lang='lat' dir='ltr'>volumus</span> <span class='ocrx_word' id='word_1_192' title='bbox 1496 3340 1559 3396; x_wconf 89' lang='lat' dir='ltr'>et</span> <span class='ocrx_word' id='word_1_193' title='bbox 1621 3335 2021 3395; x_wconf 88' lang='lat' dir='ltr'>concedimus</span> <span class='ocrx_word' id='word_1_194' title='bbox 2082 3355 2196 3414; x_wconf 92' lang='lat' dir='ltr'>pro</span> <span class='ocrx_word' id='word_1_195' title='bbox 2257 3333 2440 3394; x_wconf 89' lang='lat' dir='ltr'>nobis</span> <span class='ocrx_word' id='word_1_196' title='bbox 2502 3339 2566 3395; x_wconf 87' lang='lat' dir='ltr'>et</span> <span class='ocrx_word' id='word_1_197' title='bbox 2628 3355 2765 3396; x_wconf 89' lang='lat' dir='ltr'>suc-</span> 
     </span>
     <span class='ocr_line' id='line_1_25' title="bbox 311 3439 2767 3520; baseline -0.002 -15"><span class='ocrx_word' id='word_1_198' title='bbox 311 3442 660 3505; x_wconf 88' lang='lat' dir='ltr'>cessoribus</span> <span class='ocrx_word' id='word_1_199' title='bbox 714 3442 965 3511; x_wconf 88' lang='lat' dir='ltr'>nostris,</span> <span class='ocrx_word' id='word_1_200' title='bbox 1009 3441 1176 3520; x_wconf 89' lang='lat' dir='ltr'>quod</span> <span class='ocrx_word' id='word_1_201' title='bbox 1230 3441 1509 3519; x_wconf 83' lang='lat' dir='ltr'>predicta</span> <span class='ocrx_word' id='word_1_202' title='bbox 1565 3440 1763 3500; x_wconf 89' lang='lat' dir='ltr'>Alicia</span> <span class='ocrx_word' id='word_1_203' title='bbox 1803 3440 1900 3500; x_wconf 87' lang='lat' dir='ltr'>vel</span> <span class='ocrx_word' id='word_1_204' title='bbox 1957 3440 2094 3519; x_wconf 83' lang='lat' dir='ltr'>ejus</span> <span class='ocrx_word' id='word_1_205' title='bbox 2150 3439 2451 3519; x_wconf 87' lang='lat' dir='ltr'>assignati</span> <span class='ocrx_word' id='word_1_206' title='bbox 2493 3440 2767 3501; x_wconf 88' lang='lat' dir='ltr'>habeant</span> 
     </span>
     <span class='ocr_line' id='line_1_26' title="bbox 311 3544 2764 3626; baseline -0.002 -18"><span class='ocrx_word' id='word_1_207' title='bbox 311 3547 659 3608; x_wconf 88' lang='lat' dir='ltr'>custodiam</span> <span class='ocrx_word' id='word_1_208' title='bbox 700 3546 1063 3626; x_wconf 89' lang='lat' dir='ltr'>predictam,</span> <span class='ocrx_word' id='word_1_209' title='bbox 1107 3550 1172 3606; x_wconf 89' lang='lat' dir='ltr'>et</span> <span class='ocrx_word' id='word_1_210' title='bbox 1213 3546 1607 3624; x_wconf 87' lang='lat' dir='ltr'>maritagium</span> <span class='ocrx_word' id='word_1_211' title='bbox 1652 3545 1876 3624; x_wconf 88' lang='lat' dir='ltr'>Helye,</span> <span class='ocrx_word' id='word_1_212' title='bbox 1921 3544 2130 3605; x_wconf 79' lang='lat' dir='ltr'>fratris</span> <span class='ocrx_word' id='word_1_213' title='bbox 2179 3545 2444 3624; x_wconf 86' lang='lat' dir='ltr'>predicti</span> <span class='ocrx_word' id='word_1_214' title='bbox 2486 3545 2764 3618; x_wconf 86' lang='lat' dir='ltr'>Roberti,</span> 
     </span>
     <span class='ocr_line' id='line_1_27' title="bbox 310 3650 2833 3732; baseline -0.001 -18"><span class='ocrx_word' id='word_1_215' title='bbox 310 3673 509 3732; x_wconf 89' lang='lat' dir='ltr'>usque</span> <span class='ocrx_word' id='word_1_216' title='bbox 550 3653 629 3712; x_wconf 91' lang='lat' dir='ltr'>ad</span> <span class='ocrx_word' id='word_1_217' title='bbox 669 3652 1011 3731; x_wconf 85' lang='lat' dir='ltr'>legitimam</span> <span class='ocrx_word' id='word_1_218' title='bbox 1053 3656 1287 3711; x_wconf 90' lang='lat' dir='ltr'>etatem</span> <span class='ocrx_word' id='word_1_219' title='bbox 1329 3650 1643 3730; x_wconf 84' lang='lat' dir='ltr'>ejusdem;</span> <span class='ocrx_word' id='word_1_220' title='bbox 1700 3651 2058 3711; x_wconf 88' lang='lat' dir='ltr'>habendum</span> <span class='ocrx_word' id='word_1_221' title='bbox 2114 3655 2179 3710; x_wconf 89' lang='lat' dir='ltr'>et</span> <span class='ocrx_word' id='word_1_222' title='bbox 2233 3651 2593 3722; x_wconf 89' lang='lat' dir='ltr'>tenendum,</span> <span class='ocrx_word' id='word_1_223' title='bbox 2645 3656 2763 3712; x_wconf 88' lang='lat' dir='ltr'>etc.</span> <span class='ocrx_word' id='word_1_224' title='bbox 2830 3709 2833 3711; x_wconf 84' lang='lat'>.</span> 
     </span>
     <span class='ocr_line' id='line_1_28' title="bbox 312 3755 2764 3838; baseline -0.001 -19"><span class='ocrx_word' id='word_1_225' title='bbox 312 3759 391 3819; x_wconf 90' lang='lat' dir='ltr'>In</span> <span class='ocrx_word' id='word_1_226' title='bbox 435 3760 613 3838; x_wconf 87' lang='lat' dir='ltr'>cujus</span> <span class='ocrx_word' id='word_1_227' title='bbox 653 3758 761 3829; x_wconf 89' lang='lat' dir='ltr'>rei,</span> <span class='ocrx_word' id='word_1_228' title='bbox 791 3764 907 3818; x_wconf 92' lang='lat' dir='ltr'>etc.</span> <span class='ocrx_word' id='word_1_229' title='bbox 994 3758 1231 3816; x_wconf 91' lang='lat' dir='ltr'>Datum</span> <span class='ocrx_word' id='word_1_230' title='bbox 1274 3757 1438 3834; x_wconf 91' lang='lat' dir='ltr'>apud</span> <span class='ocrx_word' id='word_1_231' title='bbox 1482 3756 2132 3826; x_wconf 77' lang='lat' dir='ltr'>westmonasterium,</span> <span class='ocrx_word' id='word_1_232' title='bbox 2162 3755 2262 3816; x_wconf 91' lang='lat' dir='ltr'>die</span> <span class='ocrx_word' id='word_1_233' title='bbox 2308 3756 2521 3817; x_wconf 87' lang='lat' dir='ltr'>Sancti</span> <span class='ocrx_word' id='word_1_234' title='bbox 2565 3755 2764 3817; x_wconf 91' lang='lat' dir='ltr'>Marci</span> 
     </span>
     <span class='ocr_line' id='line_1_29' title="bbox 307 3861 1917 3944; baseline -0.002 -20"><span class='ocrx_word' id='word_1_235' title='bbox 307 3864 726 3944; x_wconf 87' lang='lat' dir='ltr'>Evangeliste,</span> <span class='ocrx_word' id='word_1_236' title='bbox 770 3863 1185 3923; x_wconf 88' lang='lat' dir='ltr'>Pontificatus</span> <span class='ocrx_word' id='word_1_237' title='bbox 1227 3861 1425 3923; x_wconf 89' lang='lat' dir='ltr'>nostri</span> <span class='ocrx_word' id='word_1_238' title='bbox 1470 3881 1634 3922; x_wconf 93' lang='lat' dir='ltr'>anno</span> <span class='ocrx_word' id='word_1_239' title='bbox 1676 3866 1917 3940; x_wconf 81' lang='lat' dir='ltr'>quarto,</span> 
     </span>
    </p>
   </div>
   <div class='ocr_carea' id='block_1_9' title="bbox 306 4141 2762 4304">
    <p class='ocr_par' dir='ltr' id='par_1_9' title="bbox 306 4141 2762 4304">
     <span class='ocr_line' id='line_1_30' title="bbox 306 4141 2762 4225; baseline -0.001 -20"><span class='ocrx_word' id='word_1_240' title='bbox 306 4146 453 4225; x_wconf 79' lang='lat' dir='ltr'>Apr.</span> <span class='ocrx_word' id='word_1_241' title='bbox 497 4143 975 4204; x_wconf 80' lang='lat' dir='ltr'>26.—Mandate</span> <span class='ocrx_word' id='word_1_242' title='bbox 1020 4149 1076 4204; x_wconf 87' lang='grc' dir='ltr'>ιο</span> <span class='ocrx_word' id='word_1_243' title='bbox 1121 4142 1219 4203; x_wconf 76' lang='lat' dir='ltr'>the</span> <span class='ocrx_word' id='word_1_244' title='bbox 1265 4143 1502 4222; x_wconf 79' lang='lat' dir='ltr'>Official</span> <span class='ocrx_word' id='word_1_245' title='bbox 1545 4150 1602 4203; x_wconf 90' lang='grc' dir='ltr'>ιο</span> <span class='ocrx_word' id='word_1_246' title='bbox 1644 4142 1860 4203; x_wconf 79' lang='lat' dir='ltr'>induet</span> <span class='ocrx_word' id='word_1_247' title='bbox 1895 4141 2173 4202; x_wconf 72' lang='lat' dir='ltr'>William</span> <span class='ocrx_word' id='word_1_248' title='bbox 2213 4141 2286 4202; x_wconf 82' lang='lat' dir='ltr'>de</span> <span class='ocrx_word' id='word_1_249' title='bbox 2328 4142 2521 4220; x_wconf 79' lang='lat' dir='ltr'>Bray,</span> <span class='ocrx_word' id='word_1_250' title='bbox 2552 4161 2622 4202; x_wconf 84' lang='lat' dir='ltr'>or</span> <span class='ocrx_word' id='word_1_251' title='bbox 2665 4141 2762 4203; x_wconf 70' lang='lat' dir='ltr'>his</span> 
     </span>
     <span class='ocr_line' id='line_1_31' title="bbox 549 4223 2047 4304; baseline -0.001 -20"><span class='ocrx_word' id='word_1_252' title='bbox 549 4226 818 4297; x_wconf 78' lang='grc' dir='ltr'><em>Ρνοοιον,</em></span> <span class='ocrx_word' id='word_1_253' title='bbox 864 4232 920 4285; x_wconf 89' lang='grc' dir='ltr'>ιο</span> <span class='ocrx_word' id='word_1_254' title='bbox 965 4224 1062 4284; x_wconf 79' lang='lat' dir='ltr'>the</span> <span class='ocrx_word' id='word_1_255' title='bbox 1108 4223 1353 4284; x_wconf 79' lang='lat' dir='ltr'>Ghurch</span> <span class='ocrx_word' id='word_1_256' title='bbox 1393 4225 1463 4304; x_wconf 86' lang='lat' dir='ltr'>of</span> <span class='ocrx_word' id='word_1_257' title='bbox 1496 4224 1749 4304; x_wconf 77' lang='lat' dir='ltr'>Hopton</span> <span class='ocrx_word' id='word_1_258' title='bbox 1795 4223 2047 4303; x_wconf 74' lang='lat' dir='ltr'>Wafers.</span> 
     </span>
    </p>
   </div>
   <div class='ocr_carea' id='block_1_10' title="bbox 306 4381 2769 4991">
    <p class='ocr_par' dir='ltr' id='par_1_10' title="bbox 306 4381 2769 4991">
     <span class='ocr_line' id='line_1_32' title="bbox 470 4381 2766 4460; baseline -0 -19"><span class='ocrx_word' id='word_1_259' title='bbox 470 4382 833 4442; x_wconf 62' lang='lat' dir='ltr'>Homomz</span> <span class='ocrx_word' id='word_1_260' title='bbox 895 4382 1161 4442; x_wconf 73' lang='lat' dir='ltr'>WAFRn.</span> <span class='ocrx_word' id='word_1_261' title='bbox 1252 4382 1598 4442; x_wconf 72' lang='lat' dir='ltr'>anA&#39;rtm</span> <span class='ocrx_word' id='word_1_262' title='bbox 1668 4398 1878 4441; x_wconf 71' lang='lat' dir='ltr'>surim</span> <span class='ocrx_word' id='word_1_263' title='bbox 1919 4398 2047 4441; x_wconf 79' lang='lat' dir='ltr'>noc</span> <span class='ocrx_word' id='word_1_264' title='bbox 2105 4398 2174 4440; x_wconf 78' lang='lat' dir='ltr'>m</span> <span class='ocrx_word' id='word_1_265' title='bbox 2238 4381 2308 4460; x_wconf 84' lang='lat' dir='ltr'>ij⁰</span> <span class='ocrx_word' id='word_1_266' title='bbox 2365 4397 2554 4440; x_wconf 75' lang='lat' dir='ltr'>romo</span> <span class='ocrx_word' id='word_1_267' title='bbox 2613 4398 2766 4440; x_wconf 67' lang='lat' dir='ltr'>Pluu-</span> 
     </span>
     <span class='ocr_line' id='line_1_33' title="bbox 308 4485 2769 4557; baseline 0.001 -11"><span class='ocrx_word' id='word_1_268' title='bbox 308 4487 987 4557; x_wconf 67' lang='lat' dir='ltr'>onnnnw1.—Thomas,</span> <span class='ocrx_word' id='word_1_269' title='bbox 1057 4491 1196 4557; x_wconf 68' lang='lat' dir='ltr'>etc„</span> <span class='ocrx_word' id='word_1_270' title='bbox 1288 4485 1551 4546; x_wconf 89' lang='lat' dir='ltr'>Officiali</span> <span class='ocrx_word' id='word_1_271' title='bbox 1621 4507 1736 4546; x_wconf 87' lang='lat' dir='ltr'>suo</span> <span class='ocrx_word' id='word_1_272' title='bbox 1799 4486 2084 4556; x_wconf 88' lang='lat' dir='ltr'>salutem,</span> <span class='ocrx_word' id='word_1_273' title='bbox 2156 4491 2273 4547; x_wconf 91' lang='lat' dir='ltr'>etc.</span> <span class='ocrx_word' id='word_1_274' title='bbox 2390 4486 2769 4548; x_wconf 86' lang='lat' dir='ltr'>Mandamus</span> 
     </span>
     <span class='ocr_line' id='line_1_34' title="bbox 308 4590 2767 4671; baseline -0.001 -18"><span class='ocrx_word' id='word_1_275' title='bbox 308 4591 484 4653; x_wconf 86' lang='lat' dir='ltr'>vobis</span> <span class='ocrx_word' id='word_1_276' title='bbox 566 4591 863 4670; x_wconf 89' lang='lat' dir='ltr'>quatinus</span> <span class='ocrx_word' id='word_1_277' title='bbox 947 4591 1331 4652; x_wconf 89' lang='lat' dir='ltr'>Willelmum</span> <span class='ocrx_word' id='word_1_278' title='bbox 1416 4591 1490 4651; x_wconf 90' lang='lat' dir='ltr'>de</span> <span class='ocrx_word' id='word_1_279' title='bbox 1573 4591 1761 4671; x_wconf 87' lang='lat' dir='ltr'>Bray,</span> <span class='ocrx_word' id='word_1_280' title='bbox 1834 4590 2145 4662; x_wconf 89' lang='lat' dir='ltr'>clericum,</span> <span class='ocrx_word' id='word_1_281' title='bbox 2217 4611 2330 4670; x_wconf 92' lang='lat' dir='ltr'>per</span> <span class='ocrx_word' id='word_1_282' title='bbox 2397 4592 2767 4671; x_wconf 84' lang='lat' dir='ltr'>magistrum</span> 
     </span>
     <span class='ocr_line' id='line_1_35' title="bbox 308 4697 2769 4778; baseline 0 -21"><span class='ocrx_word' id='word_1_283' title='bbox 308 4699 621 4778; x_wconf 86' lang='lat' dir='ltr'>Rogerum</span> <span class='ocrx_word' id='word_1_284' title='bbox 663 4699 741 4758; x_wconf 90' lang='lat' dir='ltr'>de</span> <span class='ocrx_word' id='word_1_285' title='bbox 780 4697 1112 4758; x_wconf 85' lang='lat' dir='ltr'>Ludelawe</span> <span class='ocrx_word' id='word_1_286' title='bbox 1152 4698 1251 4758; x_wconf 86' lang='lat' dir='ltr'>vel</span> <span class='ocrx_word' id='word_1_287' title='bbox 1293 4697 1485 4757; x_wconf 91' lang='lat' dir='ltr'>alium</span> <span class='ocrx_word' id='word_1_288' title='bbox 1527 4697 2002 4758; x_wconf 86' lang='lat' dir='ltr'>Procuratorem</span> <span class='ocrx_word' id='word_1_289' title='bbox 2045 4717 2229 4757; x_wconf 91' lang='lat' dir='ltr'>suum</span> <span class='ocrx_word' id='word_1_290' title='bbox 2276 4697 2343 4756; x_wconf 92' lang='lat' dir='ltr'>in</span> <span class='ocrx_word' id='word_1_291' title='bbox 2386 4698 2769 4777; x_wconf 86' lang='lat' dir='ltr'>corporalem</span> 
     </span>
     <span class='ocr_line' id='line_1_36' title="bbox 306 4804 2765 4884; baseline 0 -19"><span class='ocrx_word' id='word_1_292' title='bbox 306 4804 768 4884; x_wconf 91' lang='lat' dir='ltr'>possessionem</span> <span class='ocrx_word' id='word_1_293' title='bbox 826 4805 1083 4866; x_wconf 88' lang='lat' dir='ltr'>ecclesie</span> <span class='ocrx_word' id='word_1_294' title='bbox 1154 4804 1230 4865; x_wconf 91' lang='lat' dir='ltr'>de</span> <span class='ocrx_word' id='word_1_295' title='bbox 1300 4805 1563 4884; x_wconf 89' lang='lat' dir='ltr'>Hopton</span> <span class='ocrx_word' id='word_1_296' title='bbox 1621 4804 1852 4874; x_wconf 87' lang='lat' dir='ltr'>Wafre,</span> <span class='ocrx_word' id='word_1_297' title='bbox 1918 4805 1996 4864; x_wconf 90' lang='lat' dir='ltr'>ad</span> <span class='ocrx_word' id='word_1_298' title='bbox 2069 4804 2611 4883; x_wconf 88' lang='lat' dir='ltr'>presentacionem</span> <span class='ocrx_word' id='word_1_299' title='bbox 2671 4825 2765 4866; x_wconf 89' lang='lat' dir='ltr'>re-</span> 
     </span>
     <span class='ocr_line' id='line_1_37' title="bbox 306 4909 2758 4991; baseline 0.002 -23"><span class='ocrx_word' id='word_1_300' title='bbox 306 4909 666 4990; x_wconf 88' lang='lat' dir='ltr'>ligiosorum</span> <span class='ocrx_word' id='word_1_301' title='bbox 694 4910 967 4971; x_wconf 89' lang='lat' dir='ltr'>virorum</span> <span class='ocrx_word' id='word_1_302' title='bbox 1011 4910 1271 4972; x_wconf 90' lang='lat' dir='ltr'>Abbatis</span> <span class='ocrx_word' id='word_1_303' title='bbox 1312 4917 1376 4972; x_wconf 98' lang='lat' dir='ltr'>et</span> <span class='ocrx_word' id='word_1_304' title='bbox 1420 4910 1781 4971; x_wconf 85' lang='lat' dir='ltr'>Conventus</span> <span class='ocrx_word' id='word_1_305' title='bbox 1823 4912 1900 4971; x_wconf 90' lang='lat' dir='ltr'>de</span> <span class='ocrx_word' id='word_1_306' title='bbox 1930 4911 2322 4990; x_wconf 86' lang='lat' dir='ltr'>Wygemore,</span> <span class='ocrx_word' id='word_1_307' title='bbox 2351 4915 2758 4991; x_wconf 90' lang='lat' dir='ltr'>patronorum</span> 
     </span>
    </p>
   </div>
  </div>
 </body>
</html>
