3459 5617
373 4726 470 4766 1²01.
498 4725 594 4766 57b.

680 487 797 546 202
1340 487 1696 565 Reqistrumz
1754 487 1974 548 Thome
2027 487 2101 548 de
2159 487 2489 567 Cantilupo

673 710 1076 782 inmundicia,
1113 712 1445 791 inpudicia,
1482 712 1835 782 inimicicia,
1873 712 2331 782 contenciones,
2368 711 2807 782 emulaciones,
2842 712 2951 782 ire,
2984 711 3125 784 rixe,

676 817 1115 889 dissensiones,
1167 824 1353 889 secte,
1403 818 1652 888 invidie,
1703 818 2055 890 ebrietates,
2106 818 2687 888 commessaciones,
2731 824 2950 878 sancte
2996 837 3128 896 pro-

675 922 966 983 fessionis
1008 927 1071 983 et
1113 944 1430 984 sacrarum
1463 924 2007 985 observanciarum
2042 925 2589 1003 transgressiones,
2640 930 2705 984 et
2738 924 2860 984 hiis
2910 923 3131 984 similia

650 1029 1004 1108 ·fugiente8,
1049 1050 1300 1090 carnem
1343 1037 1616 1091 vestram
1661 1051 1805 1091 cum
1847 1031 2024 1091 viciis
2066 1031 2129 1091 et
2179 1030 2699 1110 concupicienciis
2742 1030 3128 1110 crucifigatis.

679 1133 902 1214 Aliqua
950 1155 1096 1195 vero
1154 1135 1318 1196 inter
1366 1156 1478 1197 vos
1535 1137 2019 1215 reprehensione
2077 1137 2265 1216 digna
2326 1136 2502 1198 vobis
2562 1136 2891 1197 scribimus
2949 1135 3126 1196 corri-

674 1242 910 1321 genda;
961 1242 1250 1302 videlicet
1293 1243 1458 1323 quod
1501 1243 1672 1303 nulla
1715 1249 1995 1304 vestrum
2037 1264 2150 1323 pro
2194 1263 2261 1304 se
2303 1244 2627 1304 vestienda
2667 1247 2777 1304 aut
2818 1243 3130 1304 calcianda

675 1348 1138 1426 possessionem
1179 1355 1289 1410 aut
1330 1349 1644 1410 redditum
1687 1349 1752 1409 in
1796 1370 1986 1410 manu
2028 1370 2143 1412 sua
2184 1355 2414 1420 teneat,
2460 1349 2657 1410 eciam
2699 1370 2844 1410 cum
2878 1349 3131 1410 licencia

675 1455 997 1526 Priorisse,
1048 1455 1334 1535 quamvis
1389 1456 1750 1535 hujusmodi
1806 1457 2120 1535 possessio
2176 1456 2273 1517 vel
2330 1455 2629 1525 redditus,
2672 1476 2785 1535 pro
2841 1477 2917 1516 eo
2972 1457 3131 1536 quod

675 1559 840 1620 bona
871 1560 1063 1621 vestri
1107 1561 1363 1621 Genobii
1404 1561 1483 1620 ad
1525 1561 1588 1620 id
1631 1581 1758 1621 non
1793 1561 2127 1632 sufficiunt,
2164 1567 2443 1622 vestrum
2478 1561 2665 1621 alicui
2698 1582 2736 1621 a
2772 1562 3129 1640 parentibus

676 1667 777 1726 vel
817 1666 1035 1727 amicis
1077 1667 1262 1727 datus
1295 1667 1560 1737 existat;
1606 1673 1701 1728 set
1742 1674 1947 1728 vestre
1988 1667 2292 1728 Priorisse
2330 1668 2717 1747 integraliter
2750 1668 3130 1738 restituatur,

675 1778 748 1832 ut
817 1772 1038 1832 exinde
1107 1773 1228 1832 illis
1291 1772 1518 1852 quibus
1587 1773 1693 1832 illa
1761 1773 2099 1834 liberalitas
2168 1773 2287 1834 fuit
2356 1775 2522 1834 facta
2584 1775 2929 1834 secundum
2994 1794 3132 1834 suas

675 1877 1059 1957 indigencias
1129 1878 1597 1949 subministret;
1669 1878 1945 1958 alioquin
2016 1880 2079 1938 in
2150 1880 2599 1959 proprietatem
2661 1887 2725 1941 et
2796 1880 3131 1940 secularem

675 1965 1160 2043 sollicitudinem
1216 1984 1538 2044 donatarie
1593 1984 1753 2045 tales
1808 1983 1988 2045 facile
2042 1991 2301 2064 possent
2359 1986 2647 2057 incidere,
2692 1993 2909 2047 votum
2953 2007 3129 2048 suum

675 2094 910 2149 temere
980 2088 1286 2149 violando.
1399 2090 1692 2150 Preterea
1735 2090 1902 2170 quod
1943 2091 2115 2150 nulla
2176 2091 2473 2152 secularis
2516 2091 2844 2152 domicella
2906 2092 3131 2154 nubilis

673 2193 861 2254 etatis
900 2194 1064 2254 inter
1105 2215 1216 2255 vos
1255 2195 1648 2274 aliquatenus
1690 2202 2128 2267 commoretur,
2173 2202 2749 2277 quantumcumque
2792 2199 3129 2258 amicorum

677 2305 1026 2360 vestrorum
1096 2305 1206 2359 aut
1273 2301 1628 2380 potentium
1669 2301 1981 2362 instancia
2050 2322 2238 2381 super
2274 2302 2425 2363 .hoc
2494 2303 2789 2363 sollicitet
2857 2309 3125 2364 vestram

676 2406 987 2485 quietem;
1065 2411 1130 2467 et
1174 2406 1351 2466 vobis
1406 2407 1478 2467 fit
1534 2407 1651 2467 hec
1700 2408 1997 2468 inhibicio
2052 2414 2309 2489 propter
2365 2408 2564 2468 multa
2625 2409 2957 2470 incomoda
3016 2429 3132 2489 que

675 2530 753 2571 ex
807 2511 927 2571 hoc
969 2511 1143 2572 vobis
1201 2512 1570 2582 acciderent,
1613 2517 1686 2571 ut
1742 2513 2029 2591 superius
2088 2520 2184 2574 est
2243 2534 2629 2593 expressum.
2730 2514 3132 2595 Obsequiales

673 2622 916 2678 vestros
980 2622 1187 2678 castos
1256 2616 1540 2678 habeatis
1601 2623 1666 2678 et
1728 2619 2015 2690 mundos,
2080 2639 2159 2680 ne
2222 2640 2438 2680 eorum
2502 2622 2898 2682 conversacio
2960 2621 3132 2681 vobis

674 2723 932 2801 prebeat
993 2722 1228 2782 malum
1290 2723 1661 2802 exemplum.
1764 2724 1955 2784 Nulla
2010 2745 2085 2785 ex
2138 2725 2314 2786 vobis
2375 2726 2541 2786 ultra
2596 2745 2833 2785 annum
2887 2733 3135 2787 maneat

674 2827 972 2906 professa.
1060 2827 1227 2888 Item
1274 2827 1568 2906 deinceps
1617 2829 1861 2907 eligatis
1902 2828 2079 2890 vobis
2130 2828 2517 2890 confessores
2566 2831 2645 2890 de
2693 2831 3128 2891 commoranti-

677 2933 793 2994 bus
850 2934 915 2992 in
971 2940 1186 2994 nostra
1242 2933 1506 3005 diocesi;
1565 2934 1853 2994 videlicet
1909 2934 1987 2994 de
2034 2934 2329 2995 fratribus
2380 2935 2731 2996 Minoribus
2774 2935 3133 2996 Conventus

676 3039 1064 3109 Herefordie,
1137 3044 1246 3099 aut
1315 3040 1453 3100 aliis
1521 3039 1825 3119 religiosis
1894 3041 1991 3101 vel
2056 3041 2436 3102 secularibus
2506 3041 2656 3101 viris
2718 3041 3131 3120 competentis

674 3146 1042 3216 litterature,
1085 3145 1369 3225 boneque
1411 3147 1913 3207 conversacionis
1953 3153 2017 3207 et
2058 3147 2203 3218 vite,
2248 3147 2313 3206 in
2362 3147 2531 3208 dicta
2578 3148 2830 3218 diocesi,
2872 3153 2945 3208 ut
2987 3169 3125 3208 con-

677 3251 987 3314 suevistis.
1090 3251 1348 3332 Aliquos
1385 3253 1462 3312 ad
1512 3253 1998 3313 ministrandum
2039 3253 2215 3313 vobis
2258 3259 2721 3314 sacramentum
2762 3255 3129 3334 penitencie,

675 3362 1074 3437 preterquam
1131 3358 1207 3418 de
1263 3364 1478 3419 nostra
1533 3359 1789 3439 speciali
1836 3359 2138 3428 licencia,¹
2232 3406 2245 3418 .
2334 3406 2345 3418 .
2434 3407 2446 3418 .
2550 3361 2770 3420 Dictas
2819 3381 2963 3420 vero
3006 3380 3131 3421 cor-

674 3463 992 3524 recciones
1070 3464 1313 3524 faciatis
1391 3465 1616 3525 amodo
1685 3465 1948 3526 firmiter
2009 3465 2340 3535 observari,
2405 3465 2569 3526 sicut
2641 3465 2873 3527 evitare
2942 3466 3129 3526 vultis

677 3570 1042 3630 canonicam
1085 3570 1417 3630 ulcionem.
1503 3571 1689 3630 Hanc
1737 3571 1989 3650 quidem
2032 3577 2313 3632 nostram
2356 3572 2686 3651 epistolam
2736 3591 2849 3650 per
2887 3577 3126 3632 vestros

674 3675 1157 3755 penitenc‘iarios
1204 3676 1436 3754 pluries
1485 3676 1549 3762 in
1601 3697 1783 3746 anno,
1828 3677 1894 3734 in
1942 3677 2155 3755 lingua
2203 3676 2445 3736 Gallica
2484 3677 2583 3737 vel
2627 3677 2901 3757 Anglica,
2944 3697 3131 3757 quam

675 3781 900 3842 melius
941 3781 1258 3853 noveritis,
1314 3783 1662 3862 procuretis
1706 3782 1883 3842 vobis
1926 3782 2169 3862 exponi,
2221 3783 2567 3843 secundum
2609 3784 2746 3862 ejus
2784 3784 3129 3843 doctrinam

673 3887 975 3948 viventes.
1060 3887 1138 3946 In
1169 3887 1356 3966 hujus
1385 3887 1787 3948 mortalitatis
1821 3887 2046 3948 festivo
2081 3887 2359 3970 decursu]
2378 3889 2570 3949 vestri
2605 3889 2832 3949 laboris
2859 3889 3131 3948 fructum

675 3991 740 4050 in
775 3997 991 4052 eterna
1025 3992 1410 4053 beatitudine
1453 3993 1753 4071 capiatis!
1840 3993 2113 4072 Angelus
2157 3994 2367 4073 magni
2396 3994 2638 4054 consilii
2682 3995 2745 4053 in
2790 3995 2907 4054 hiis
2952 3994 3128 4055 vobis

677 4117 925 4176 semper
965 4098 1258 4158 assistat!
1343 4100 1604 4158 Datum²
1667 4145 1680 4158 .
1770 4144 1782 4156 .
1871 4144 1883 4157 .
1972 4145 1984 4157 .

679 4363 842 4422 Mar.
885 4364 1380 4425 15.——C'ollation
1417 4365 1488 4444 of
1521 4364 1816 4425 Nicholas
1859 4366 1930 4444 of
1974 4365 2221 4445 Oaeford,
2272 4365 2514 4436 deacon,
2553 4365 2869 4445 presented
2912 4365 2991 4443 by
3036 4364 3129 4424 the

919 4445 1112 4505 Abbot
1153 4446 1279 4505 and
1325 4446 1592 4506 Convent
1631 4446 1700 4525 of
1743 4445 2039 4524 Wiqmore
2096 4453 2153 4507 to
2206 4447 2303 4506 the
2372 4446 2663 4524 Vioaraqe
2723 4447 2793 4526 of
2826 4446 3129 4524 Huthey.

921 4525 1218 4586 Mandata
1259 4527 1327 4605 os
1361 4526 1684 4587 induction
1722 4535 1853 4587 sent
1912 4534 1969 4586 to
2014 4527 2110 4587 the
2150 4526 2329 4587 Dean
2368 4528 2439 4606 of
2475 4527 2837 4588 Scottcsdon.

841 4697 1163 4757 Conmmo
1204 4697 1464 4758 VloARu
1506 4716 1592 4757 ns
1637 4698 2645 4758 Huosmnnz.—Memorandum
2701 4699 2867 4778 quod
2914 4699 3127 4758 Idibus

677 4802 897 4861 Marcii
953 4803 1118 4880 apud
1169 4803 1514 4883 Bosebury,
1559 4824 1725 4865 anno
1774 4804 2030 4866 Domini
2080 4803 2513 4865 M⁰GO⁰LXX⁰
2566 4810 2807 4876 oetam,
2865 4805 3125 4866 contulit

723 4925 937 4964 l-Some
951 4924 1108 4965 words
1127 4937 1210 4966 are
1226 4925 1335 4972 lost,
1357 4937 1412 4967 aa
1431 4937 1460 4967 a
1477 4937 1618 4974 serap
1637 4928 1726 4968 has
1747 4926 1861 4968 been
1879 4931 1989 4968 torn
2009 4938 2161 4974 away.
2341 4929 2508 4969 2.-No
2524 4927 2636 4970 date
2654 4940 2709 4969 οι·
2726 4928 2858 4975 place
2876 4929 2915 4969 is
2931 4928 3081 4974 given.
