3459 5617
311 3084 408 3124 1²01.
443 3084 532 3125 leb.

631 468 710 524 44
1277 466 1634 545 Registrum
1691 468 1911 528 Thome
1965 468 2039 529 de
2112 468 2441 547 Cantilupo

630 690 784 751 Nov.
834 694 932 763 14,
982 692 1596 753 1275.—Ordinance
1645 694 1714 773 os
1766 692 1862 753 the
1910 692 2146 771 Bishop
2194 692 2527 772 respectinq
2579 692 2676 753 the
2722 692 3094 753 endowment

860 773 1030 851 from
1086 772 1266 832 tithcs
1323 774 1448 833 and
1506 774 1702 845 lands,
1764 774 2026 851 toqether
2076 773 2231 833 with
2287 773 2384 833 the
2440 773 2739 833 oblations
2802 772 2931 832 and
2994 772 3095 833 the

872 853 1186 913 Rectorial
1224 874 1448 924 manse,
1493 855 1562 934 os
1603 854 1700 914 the
1748 854 2040 932 Vicaraqe
2080 855 2150 933 of
2184 854 2504 932 Aymestry
2552 853 2755 913 which
2797 854 2907 913 has
2952 853 3096 913 been

871 934 1304 1013 appropriated
1347 940 1406 994 to
1451 934 1548 994 the
1587 935 1791 1012 Abbey
1832 936 1903 1014 of
1957 934 2272 1013 Wiymore.
2389 934 2511 995 The
2552 934 2773 1013 supply
2807 935 2879 1013 of
2914 933 3093 994 books

871 1014 996 1073 and
1041 1014 1138 1075 the
1177 1014 1414 1094 repairs
1457 1016 1528 1094 of
1577 1015 1673 1076 the
1719 1015 1985 1077 Ghaucel
2024 1036 2128 1076 are
2172 1022 2229 1075 to
2268 1022 2391 1075 rest
2430 1015 2583 1075 with
2627 1014 2724 1075 the
2766 1014 2989 1093 Abbey.

787 1144 1082 1217 Thomas,
1115 1152 1235 1207 etc.
1320 1145 1671 1207 Ecclesiam
1702 1146 1780 1207 de
1812 1146 2337 1225 Aylmondestria,
2362 1152 2578 1206 nostre
2608 1144 3095 1207 Herelordensis

624 1250 910 1323 diocesiS‚
939 1253 1244 1331 religiosis
1266 1253 1414 1313 viris
1439 1252 1665 1313 Abbati
1686 1259 1751 1314 et
1774 1252 2127 1314 Conventui
2147 1251 2225 1313 de
2248 1251 2585 1331 Wigmore,
2611 1250 2775 1311 dicte
2798 1250 3088 1323 diocesis,

625 1362 687 1417 et
716 1358 846 1418 suis
876 1358 1358 1428 successoribus,
1392 1378 1467 1419 ex
1498 1358 1686 1419 certis
1715 1364 1779 1417 et
1808 1357 2101 1436 legitimis
2135 1357 2341 1417 causis
2382 1358 2684 1417 canonice
2728 1356 3091 1435 appropria·

623 1462 830 1524 vimus
852 1464 917 1523 in
938 1482 1091 1524 usus
1113 1464 1396 1543 proprios
1416 1463 1645 1524 futuris
1668 1464 2055 1542 temporibus
2078 1461 2521 1542 possidendam
2546 1482 2561 1533 ;
2608 1476 2671 1522 et
2689 1462 3089 1523 taxacionem

622 1569 853 1630 vicarie
908 1569 1189 1648 ejusdem
1246 1570 1506 1631 ecclesie
1561 1570 1639 1630 de
1695 1569 2202 1647 Aylmondestria
2257 1570 2735 1640 reservavimus,
2786 1576 2975 1647 prout
3022 1569 3089 1629 in

624 1675 848 1736 litteris
897 1676 1020 1735 hiis
1069 1675 1389 1735 evidenter
1437 1679 1737 1753 apparet;
1781 1694 1897 1735 nos
1939 1676 2224 1753 pensatis
2266 1682 2329 1735 et
2373 1674 2787 1734 consideratis
2827 1674 3091 1735 ecclesie

622 1780 930 1843 fructibus
971 1787 1036 1841 et
1079 1779 1566 1841 obvencionibus
1607 1799 1851 1839 necnon
1895 1779 2187 1839 oneribus
2230 1779 2309 1838 ad
2340 1779 2606 1839 eandem
2651 1780 3089 1857 spectantibus

620 1886 918 1947 vicariam
958 1885 1227 1946 eandem
1272 1884 1458 1945 modo
1505 1884 1859 1963 subscripto
1904 1884 2197 1944 duximus
2240 1882 2672 1943 ordinandam.
2760 1883 2839 1941 In
2870 1883 3091 1961 primis

621 1992 986 2053 ordinamus
1013 1990 1181 2070 quod
1211 1990 1478 2051 vicarius
1509 1990 1615 2069 qui
1644 2009 1758 2068 pro
1802 1998 2081 2068 tempore
2122 1989 2310 2050 fuerit
2351 1988 2417 2049 in
2461 1989 2683 2050 eadem
2712 1990 2980 2049 ecclesia
3010 1990 3090 2051 de

622 2096 1130 2177 Aylmondestria
1186 2096 1520 2156 institutus
1575 2115 1686 2174 per
1742 2115 1857 2157 nos
1912 2101 1976 2156 et
2037 2114 2429 2156 successores
2484 2102 2737 2155 nostros
2806 2095 2886 2155 ad
2948 2115 3087 2174 pre-

622 2204 1052 2265 sentacionem
1109 2201 1373 2263 Abbatis
1442 2206 1505 2262 et
1575 2202 1937 2262 Conventus
2007 2200 2084 2261 de
2142 2200 2459 2279 Wigmore
2528 2206 2593 2261 et
2653 2220 3089 2261 successorum

621 2326 898 2379 suorum,
929 2308 992 2368 in
1023 2308 1287 2369 ecclesia
1312 2305 1596 2385 predicta
1616 2306 2027 2385 personaliter
2046 2305 2239 2367 faciat
2262 2306 2627 2366 continuam
2650 2305 3085 2379 residenciam,

621 2422 685 2475 et
727 2414 893 2492 quod
935 2412 1100 2473 idem
1131 2412 1400 2473 vicarius
1442 2420 1506 2472 et
1535 2430 1928 2473 successores
1957 2411 2053 2471 sui
2083 2411 2359 2472 habeant
2389 2411 2609 2472 domos
2636 2413 2897 2473 ecclesie
2927 2431 3088 2491 quas

621 2519 908 2580 solebant
957 2518 1188 2579 habere
1243 2524 1515 2579 rectores
1563 2517 1795 2578 ibidem
1843 2537 1957 2595 pro
2006 2536 2227 2578 manso
2270 2537 2405 2578 su0.
2510 2518 2677 2578 Item
2718 2517 3087 2578 ordinamus

620 2625 785 2705 quod
807 2625 1078 2686 vicarius
1099 2628 1163 2685 et
1186 2642 1578 2685 successores
1601 2624 1698 2685 sui
1720 2623 1993 2684 habeant
2015 2630 2287 2701 pratum,
2312 2642 2456 2684 cum
2478 2622 2750 2703 quadam
2769 2624 3087 2701 particula

619 2730 883 2810 gardini,
914 2729 1098 2789 dictis
1128 2729 1416 2789 domibus
1445 2748 1800 2801 annexum;
1846 2737 1910 2790 et
1938 2742 2189 2808 pratum
2234 2729 2481 2790 diaconi
2526 2729 2655 2789 sive
2698 2730 3087 2807 campanarii

620 2855 735 2897 suo
790 2844 972 2915 prato
1028 2855 1346 2896 annexum
1402 2855 1546 2896 cum
1595 2835 1784 2897 certis
1834 2836 2017 2897 terris
2066 2835 2407 2896 arabilibus
2452 2854 2652 2914 nuper
2677 2836 2743 2895 in
2788 2836 3085 2896 manibus

619 2942 867 3003 diaconi
895 2942 1024 3003 sive
1052 2942 1458 3021 campanarii,
1490 2942 1656 3022 quod
1685 2947 1938 3022 pratum
1967 2948 2031 3003 et
2061 2951 2225 3002 terre
2253 2942 2505 3002 fuerunt
2533 2951 2788 3021 pratum
2820 2950 2884 3002 et
2916 2950 3082 3002 terre

617 3049 861 3109 diaconi
891 3050 1022 3109 sive
1051 3050 1458 3128 campanarii.
1546 3050 1710 3110 Item
1753 3056 1896 3110 octo
1934 3049 2220 3111 modulos
2249 3048 2438 3109 tritici
2467 3049 2608 3127 puri
2636 3054 2699 3109 et
2727 3049 3083 3109 octodecim

615 3155 904 3217 modulos
933 3175 1276 3216 avenarum
1321 3156 1713 3234 recipiendos
1763 3156 2024 3234 singulis
2076 3156 2261 3215 annis
2310 3155 2388 3215 de
2433 3154 2691 3215 decimis
2734 3153 3085 3234 majoribus

613 3261 786 3321 bladi
816 3260 893 3320 de
937 3259 1212 3321 Leintall
1241 3260 1539 3321 Comites¹
1561 3259 1901 3320 dummodo
1928 3260 2199 3321 vicarius
2228 3258 2435 3319 dictus
2463 3265 2527 3319 et
2557 3278 2953 3320 successores
2984 3259 3081 3320 sui

612 3366 967 3427 invenerint
1016 3366 1490 3445 campanarium
1544 3367 1612 3425 in
1660 3366 1833 3425 dicta
1887 3364 2192 3435 ecclesia;
2257 3365 2412 3424 item
2468 3365 2747 3425 decimas
2806 3365 3084 3443 majores

612 3491 831 3533 omnes
880 3470 1052 3531 bladi
1101 3472 1232 3531 sive
1279 3470 1598 3539 frumenti,
1631 3470 2062 3549 cujuscunque
2110 3470 2353 3550 generis
2406 3470 2554 3541 sint,
2604 3472 2670 3531 in
2720 3470 2989 3547 Shorley
3018 3478 3083 3531 et

612 3577 1042 3639 Woodarton:
1086 3576 1242 3635 item
1272 3574 1550 3635 decimas
1592 3576 1669 3636 de
1711 3576 2056 3654 majoribus
2098 3575 2304 3653 garbis
2349 3576 2781 3655 cujuscunque
2830 3576 3082 3654 generis

610 3683 781 3744 bladi
821 3683 888 3742 in
929 3682 1236 3742 clausuris
1277 3682 1554 3761 pasturis
1597 3680 1985 3760 separalibus
2028 3700 2102 3741 ac
2131 3680 2446 3742 veteribus
2479 3682 2680 3760 pratis
2710 3682 3075 3751 crescentis,

611 3794 674 3850 et
722 3788 1032 3867 burgagiis
1083 3795 1294 3848 aratro
1341 3786 1529 3847 cultis
1587 3788 1790 3848 tocius
1839 3788 2134 3865 parochie
2183 3786 2261 3847 de
2311 3786 2858 3866 Aylmondestria:
2925 3789 3081 3848 item

610 3895 830 3965 linum,
889 3893 1121 3965 fabam,
1179 3894 1415 3964 lanam,
1473 3912 1686 3971 agnos,
1747 3893 1997 3964 vitulos,
2057 3892 2174 3964 lac,
2239 3894 2379 3965 mel,
2440 3912 2669 3965 ceram,
2728 3893 3079 3967 columbas,

612 3998 922 4078 porcillos,
967 4016 1178 4069 aucas,
1223 3997 1450 4077 pullos,
1495 3997 1871 4071 oblaciones,
1916 3998 2279 4070 mortuaria,
2325 3998 2616 4059 denarios
2658 3998 2971 4069 missales,
3016 4005 3081 4061 et

612 4104 769 4166 alias
799 4105 1070 4164 minores
1100 4103 1395 4175 decimae,
1426 4122 1547 4183 que
1576 4104 1657 4164 ad
1701 4103 2073 4183 alteragium
2104 4104 2517 4164 dinoscuntur
2546 4112 2834 4183 spectare
2860 4125 2874 4165 :
2921 4105 3078 4166 item

611 4209 920 4269 decimam
949 4209 1075 4268 feni
1104 4224 1168 4268 et
1197 4228 1523 4287 pomorum
1555 4214 1618 4267 et
1649 4208 1913 4269 aliorum
1942 4209 2261 4269 fructuum
2302 4209 2503 4269 tocius
2530 4210 2829 4288 parochie
2856 4230 2868 4269 :
2918 4212 3075 4271 item

611 4335 868 4377 ovorum
913 4314 1414 4394 proveniencium
1463 4315 1528 4374 in
1575 4315 1779 4375 Pasca
1820 4314 2162 4375 decimam:
2208 4315 2361 4376 item
2418 4315 2727 4375 decimam
2771 4316 3075 4395 silvarum

609 4422 949 4482 ceduarum
1005 4421 1206 4481 tocius
1259 4421 1594 4500 parochie:
1659 4420 1814 4482 item
1859 4421 2168 4481 decimam
2217 4420 2719 4481 molendinorum
2765 4422 3073 4496 omnium,

607 4527 1036 4606 cujuscunque
1092 4526 1336 4606 generis
1391 4534 1561 4597 sunt,
1614 4526 1679 4586 in
1736 4527 1908 4586 dicta
1955 4526 2291 4605 parochia:
2363 4527 2518 4587 item
2582 4527 2944 4589 oblaciones
3012 4528 3080 4589 in

607 4632 1049 4712 purificacione
1078 4632 1452 4692 feminarum
1485 4639 1785 4711 agentum
1828 4637 1893 4692 et
1942 4631 2298 4693 oblaciones
2346 4632 2412 4692 in
2461 4633 2881 4711 sponsalibuS.
2928 4654 3074 4696 cum

754 4752 1060 4795 l—Leinthall
1089 4754 1271 4799 Ean-les.
1297 4752 1452 4795 which
1481 4752 1702 4800 belonged
1727 4757 1780 4795 to
1805 4755 1889 4794 the
1916 4754 2203 4800 Mortimers.
2240 4753 2281 4795 is
2308 4754 2413 4795 said
2440 4758 2492 4796 to
2518 4756 2641 4796 have
2664 4754 2811 4797 taken
2840 4756 2906 4798 its
2936 4768 3077 4800 name

601 4802 724 4847 from
751 4804 834 4845 the
861 4804 1002 4845 Baris
1026 4802 1076 4844 of
1103 4804 1283 4844 March.
1364 4805 1460 4844 But
1486 4805 1570 4844 the
1594 4808 1735 4850 enen-y
1762 4804 1808 4843 in
1834 4806 1917 4844 the
1954 4804 2170 4849 Resistet
2204 4804 2245 4845 is
2279 4805 2449 4845 earlier
2481 4806 2602 4846 than
2640 4808 2723 4847 the
2773 4806 2897 4848 title.
2977 4810 3075 4850 The

602 4865 742 4894 name
766 4866 870 4895 was
895 4854 1031 4899 given
1061 4852 1284 4901 probably
1311 4852 1356 4892 in
1388 4854 1546 4893 Saxon
1573 4853 1732 4894 times.
1800 4854 1897 4894 The
1924 4853 2135 4894 Comites
2161 4852 2211 4894 of
2235 4856 2319 4895 the
2352 4858 2458 4895 text
2493 4866 2650 4896 seems
2684 4856 2769 4898 the
2806 4857 3076 4905 Latinizing

599 4902 651 4945 of
677 4916 708 4945 a
731 4903 942 4945 familiar
967 4914 1121 4949 name.
1149 4903 1197 4944 in
1223 4903 1380 4945 which
1405 4904 1488 4944 the
1515 4904 1784 4949 possessive
1809 4915 1921 4944 case
1946 4915 2049 4946 was
2076 4902 2313 4945 mistaken
2339 4902 2414 4945 fot·
2440 4916 2470 4946 a
2497 4904 2664 4950 plural.
