3459 5617
84 2960 177 3000 1201.
204 2960 277 2999 ³9.

1251 473 1553 553 Episcopi
1605 474 1679 533 Η
1674 473 2089 553 cresco-densis.
2785 476 2902 539 133

410 721 578 800 Any.
640 721 1118 783 28.—Mandate
1174 729 1232 783 to
1276 722 1373 783 the
1433 723 1673 801 official
1728 731 1786 784 to
1827 724 1962 802 qive
2008 724 2222 803 public
2263 724 2543 803 waminq
2588 724 2721 785 that
2767 745 2891 803 any

664 802 798 863 who
849 802 998 863 have
1037 802 1218 863 taken
1257 824 1433 881 away
1474 803 1744 865 chartcrs
1782 826 1852 865 or
1897 806 2264 866 munim-ants
2306 806 2376 884 os
2413 805 2510 865 the
2551 806 2888 865 Gathcclral

664 902 733 943 or
780 883 1069 944 churches
1123 885 1193 962 of
1235 884 1331 944 the
1378 884 1627 956 diocese,
1677 905 1748 945 or
1799 906 1904 946 are
1948 885 2270 963 coqnizcmt
2313 886 2384 965 of
2424 886 2576 947 such
2616 887 2885 965 offenceS,

664 963 799 1023 will
840 964 907 1024 be
946 965 1513 1025 excommunicated.

581 1122 719 1181 Pao
792 1138 1211 1193 Patvmssens,
1290 1139 1533 1193 cume,
1612 1140 1696 1181 ΕΤ
1765 1140 1936 1183 Anus
2013 1140 2428 1183 nummarius
2519 1122 2902 1183 Eocnssmu

408 1226 1017 1288 Haasrommnsnu
1115 1228 2076 1300 cONTmGaNTIBth.—ThomaS,
2192 1234 2331 1298 etc„
2428 1228 2692 1289 Officiali
2786 1248 2903 1290 suo

406 1333 705 1403 salutem,
776 1339 897 1404 etc,
1009 1332 1169 1393 Cum
1239 1353 1441 1393 canon
1510 1333 1635 1394 late
1704 1334 2026 1395 sentencie
2095 1333 2374 1413 singulos
2445 1333 2725 1395 involvat
2788 1334 2897 1413 qui

408 1438 750 1500 facultates
833 1439 1117 1500 Ecclesie
1200 1439 1519 1518 diripiunt,
1595 1440 1736 1519 jura
1817 1439 2206 1519 perturbant,
2285 1443 2349 1498 et
2417 1439 2739 1499 libertates
2808 1439 2902 1497 in·-

406 1544 715 1625 fringunt,
787 1566 916 1606 non
988 1546 1281 1607 inmerito
1363 1546 1593 1605 debent
1675 1547 1996 1606 sentencie
2066 1566 2363 1608 mucrone
2449 1546 2703 1625 percelli
2793 1544 2902 1625 qui

406 1651 755 1731 privilegia,
804 1657 1027 1722 cartaS,
1071 1671 1144 1711 ac
1186 1652 1307 1711 alia
1355 1651 1750 1711 munimenta
1791 1651 2017 1731 quibus
2066 1652 2132 1710 in
2180 1651 2510 1732 premissis
2552 1657 2893 1712 censentur

407 1757 699 1818 Ecclesie
755 1757 999 1837 protegi
1058 1777 1170 1818 seu
1228 1756 1519 1827 deffendi,
1582 1777 1774 1817 manu
1826 1758 2127 1837 sacrilega
2188 1757 2558 1819 subtrahere
2625 1763 2691 1818 et
2749 1757 2894 1818 sub-

408 1869 619 1924 tracta
680 1863 961 1924 detinere
1024 1868 1257 1924 temere
1315 1869 1850 1941 presumpserunt.
1959 1863 2130 1923 Hinc
2185 1868 2282 1924 est
2344 1864 2528 1943 quod,
2575 1884 2719 1924 cum
2775 1884 2894 1925 nos

410 1969 573 2030 alias
630 1968 809 2029 vobis
867 1969 1191 2047 scripsisse
1250 1968 1651 2031 meminimus
1710 1969 1878 2048 quod
1937 1969 2003 2028 in
2063 1969 2282 2047 majori
2348 1969 2634 2031 Ecclesia.
2697 1969 2896 2031 Here-

410 2075 711 2145 fordensi,
766 2095 1011 2136 necnon
1063 2081 1128 2135 et
1179 2075 1245 2134 in
1298 2074 1559 2154 singulis
1614 2073 1940 2151 [ecclesiis]
1997 2075 2278 2154 ejusdem
2337 2074 2644 2147 Civitatis,
2705 2076 2896 2135 simul

411 2200 563 2241 cum
605 2180 1122 2240 conventualibus
1164 2185 1227 2240 et
1270 2180 1407 2240 aliis
1449 2184 1664 2241 nostre
1711 2179 1998 2251 diocesis,
2050 2180 2482 2260 sollempniter
2527 2186 2592 2241 et
2645 2180 2894 2260 publice

412 2285 840 2346 monicionem
881 2285 1167 2345 faceretis
1210 2286 1376 2364 quod
1417 2305 1637 2346 omnes
1679 2290 1743 2346 et
1793 2285 2022 2365 singuli
2072 2286 2178 2364 qui
2228 2285 2306 2346 de
2356 2284 2698 2364 privilegiis
2749 2291 2891 2357 etc„

410 2410 535 2451 nos
582 2396 647 2451 et
697 2390 1048 2451 Ecclesiam
1090 2397 1369 2452 nostram
1410 2391 1759 2470 predictam
1800 2391 2314 2470 qualitercunque
2357 2391 2887 2469 contingentibus,

411 2516 609 2557 causa
662 2516 1035 2576 quacunque
1088 2496 1187 2557 vel
1241 2497 1567 2557 occasione
1622 2496 2026 2567 detinuerint,
2083 2496 2182 2556 vel
2237 2496 2472 2575 aliquid
2520 2495 2884 2576 hujusmodi

412 2603 495 2665 de
534 2623 753 2665 eorum
790 2603 1218 2664 detentoribus
1256 2603 1567 2675 sciverint,
1608 2603 1790 2664 nobis
1828 2603 1986 2664 citra
2022 2604 2284 2664 Festum
2323 2603 2507 2663 Beati
2549 2602 2880 2664 Laurencii

411 2710 703 2789 proximo
757 2708 1145 2788 preteritum,
1196 2709 1313 2769 sub
1360 2729 1523 2789 pena
1581 2709 1838 2788 majoris
1901 2708 2571 2770 excommunicacionis
2633 2708 2882 2769 restitu-

411 2821 597 2875 erent
653 2814 753 2874 vel
806 2814 1147 2885 referrent;
1211 2834 1399 2893 super
1453 2834 1577 2894 quo
1632 2814 1779 2875 licet
1835 2815 2016 2875 nobis
2057 2814 2268 2894 aliqua
2312 2821 2728 2894 suggerantur
2769 2835 2892 2894 que

410 2922 917 3003 presumpcionis
958 2922 1249 2983 violentis
1289 2927 1509 2982 contra
1550 2922 1856 3001 quosdam
1899 2922 2027 2981 sint
2076 2919 2497 2981 verisimiliter
2545 2919 2885 2992 inductiva,

409 3032 633 3089 tamen
692 3027 991 3088 mandato
1047 3032 1264 3089 nostro
1320 3047 1448 3087 non
1507 3032 1605 3087 est
1661 3027 1936 3106 paritum
1998 3031 2071 3086 ut
2131 3025 2452 3086 vellemus.
2587 3025 2894 3099 Quocirca

410 3133 595 3195 vobis
658 3132 1032 3194 mandamus
1090 3138 1305 3193 tenore
1359 3132 1756 3212 presencium
1812 3132 2073 3193 firmiter
2128 3132 2528 3211 injungentes
2584 3132 2882 3210 quatinus

412 3242 483 3301 in
518 3240 673 3301 locis
707 3239 1030 3319 premissis
1068 3258 1287 3300 omnes
1324 3244 1388 3300 et
1426 3239 1705 3318 singulos
1739 3240 1846 3318 qui
1882 3240 1958 3299 de
1992 3238 2316 3317 premissis
2352 3237 2710 3317 privilegiiS,
2747 3244 2886 3310 etc..

411 3347 903 3415 subtraxerunt,¹
953 3349 1017 3405 et
1071 3350 1287 3406 nostra
1342 3344 1696 3405 monicione
1757 3343 2066 3423 legittima
2127 3364 2258 3404 non
2314 3343 2624 3413 obstante,
2682 3343 2888 3404 adhuc

410 3453 703 3514 detinent
772 3451 864 3513 sic
925 3450 1295 3521 substracta,
1365 3450 2036 3511 excommunicacionis
2107 3448 2429 3509 sentencia
2489 3448 2883 3511 denuncietis

412 3558 853 3638 sollempniter
906 3563 969 3617 et
1024 3557 1269 3637 publice
1323 3556 1734 3627 innodandos,
1786 3576 1976 3636 quam
2023 3576 2269 3616 exnunc
2322 3554 2713 3635 proferimus,
2764 3555 2890 3617 nisi

410 3666 576 3726 citra
618 3664 883 3724 Festum
932 3662 1146 3724 Sancti
1192 3662 1521 3724 Michaelis
1568 3662 1852 3741 proximo
1901 3662 2183 3722 futurum
2226 3662 2447 3722 eadem
2487 3661 2668 3722 nobis
2709 3662 2888 3722 resti-

412 3774 603 3831 tuant
672 3768 809 3829 sine
878 3787 1050 3828 more
1119 3768 1445 3847 dispendio
1512 3767 1849 3847 longioris;
1920 3786 2139 3828 omnes
2200 3766 2400 3827 eciam
2469 3770 2534 3826 et
2602 3766 2883 3845 singulos

408 3876 872 3939 denunciantes
920 3875 1139 3936 eadem
1186 3874 1507 3935 sentencia
1555 3874 1949 3934 innodandos
1997 3873 2104 3952 qui
2153 3873 2232 3934 de
2279 3871 2603 3951 premissis
2646 3871 2882 3951 aliquid

409 3982 732 4052 sciverint,
795 3980 919 4041 nisi
974 3979 1137 4039 infra
1198 3985 1448 4058 tempus
1506 3978 1858 4057 predictum
1916 3978 2070 4038 illud
2127 3977 2309 4038 nobis
2357 3976 2647 4056 ,plenarie
2706 3996 2882 4037 cura·

408 4088 622 4150 verint
678 4087 990 4147 intimare.
1115 4084 1280 4160 Quid
1334 4090 1564 4155 autem,
1622 4089 1740 4144 etc.
1867 4084 2106 4143 Datum
2161 4083 2328 4162 apud
2383 4081 2779 4161 Prestebury,
2837 4102 2882 4142 v

408 4194 736 4256 Kalendas
794 4192 1199 4273 Septembris,
1256 4190 1767 4253 Consecracionis
1824 4194 2038 4249 nostre
2093 4210 2260 4250 anno
2315 4189 2608 4250 secundo,

1313 4910 1441 4951 l—ln
1468 4910 1569 4951 MS.
1595 4908 2011 4950 subtrahes-unt.
