3459 5617
53 3312 110 3352 ol.

138 3312 205 3351 2⁵.

1138 484 1438 565 Episcopi
1491 486 1566 545 H
1561 486 1975 565 erefordensvs.
2707 491 2786 553 77

328 708 604 781 stitut03,
675 728 790 788 pro
856 709 1028 770 omni
1092 709 1374 784 servicio,
1439 710 1911 782 consuetudine,
1983 712 2315 771 exaccione
2388 716 2452 771 et
2523 711 2788 772 seculari

324 813 656 886 demanda,
702 833 822 894 que
865 814 947 875 ad
988 819 1221 875 terram
1264 816 1536 894 pertinet
1579 818 1678 876 vel
1717 815 2032 894 pertinere
2081 816 2306 894 possit,
2361 815 2539 877 salvo
2595 816 2787 894 regali

324 919 582 981 servicio
625 919 707 981 ad
762 926 1015 981 tantum
1070 926 1505 981 tenementum
1560 920 1918 999 pertinente
1969 920 2035 980 in
2077 920 2227 981 villa
2273 920 2351 981 de
2395 920 2544 981 Ros.
2652 920 2790 982 Nos

324 1044 470 1086 vero
524 1031 588 1086 et
644 1045 1035 1087 successores
1091 1026 1289 1087 nostri
1342 1027 1694 1106 predictum
1752 1027 2143 1106 mesuagium
2196 1046 2341 1087 cum
2382 1026 2784 1106 pertinenciis

323 1129 454 1191 suis
510 1130 680 1190 dicto
741 1128 1034 1203 Hem-im,
1079 1136 1144 1191 et
1201 1130 1534 1191 heredibus
1577 1131 1708 1191 suis
1750 1131 1851 1192 vel
1896 1130 2258 1209 assignatis,
2305 1137 2527 1191 contra
2568 1149 2788 1193 omnes

323 1233 609 1296 homines
651 1241 714 1295 et
757 1236 1025 1296 feminas
1066 1236 1132 1295 in
1166 1243 1542 1316 perpetuum
1574 1236 2147 1298 warantizabimus,
2236 1238 2322 1297 Et
2366 1243 2436 1298 ut
2480 1237 2597 1298 hec
2641 1256 2785 1299 nos·

325 1344 424 1399 tra
478 1340 741 1401 donacio
795 1346 860 1401 et
915 1342 1237 1401 concessio
1285 1348 1424 1402 rata
1480 1350 1543 1402 et
1608 1341 1850 1402 stabilis
1894 1348 2275 1420 perseveret,
2326 1362 2463 1404 eam
2510 1344 2787 1421 presenti

324 1446 556 1525 scripto
623 1455 687 1507 et
751 1447 936 1525 sigilli
1005 1448 1202 1507 nostri
1275 1448 1619 1509 munimine
1688 1448 2228 1519 confirmavimus,
2302 1448 2425 1510 hiis
2493 1450 2783 1523 testibus,

326 1552 570 1614 Thoma
598 1552 781 1623 Coeo,
819 1552 1166 1631 Reginaldo
1193 1553 1505 1626 Tinctore,
1539 1553 1822 1614 Waltero
1857 1553 1938 1614 ad
1978 1553 2434 1627 Molendinum,
2467 1553 2785 1616 Willelmo

328 1658 507 1738 Pyte,
553 1659 896 1737 Reginaldo
938 1660 996 1720 le
1047 1660 1306 1733 Mazim‚
1358 1659 1556 1721 Adam
1603 1660 1661 1722 le
1718 1660 1981 1732 Mercer,
2026 1660 2317 1722 Johanne
2362 1660 2672 1733 Godmnn,
2717 1665 2783 1721 et

327 1764 545 1825 multis
586 1765 747 1825 aliis.

331 2046 532 2105 Grant
587 2046 657 2124 os
703 2066 744 2105 a
795 2064 1102 2123 messuaqe
1157 2044 1230 2103 in
1281 2045 1438 2105 Ross
1490 2052 1547 2105 to
1603 2044 1806 2105 Adam
1860 2045 2131 2125 Harpin,
2194 2054 2261 2107 at
2314 2066 2355 2106 a
2408 2046 2789 2125 rent-charqc

568 2127 637 2204 of
673 2133 1035 2204 twenty-two
1077 2126 1264 2186 silver
1297 2124 1570 2204 pennica

488 2293 703 2356 CARTA
764 2294 907 2353 Ams-
967 2292 1695 2366 HARPmL—Omnibus,
1762 2299 1906 2366 etc„
1958 2294 2234 2356 Thomas
2292 2296 2369 2356 de
2427 2295 2786 2375 Cantilupo,

326 2403 446 2458 etc.
559 2398 876 2459 Noveritis
931 2416 1047 2457 nos
1086 2396 1352 2468 dedisse,
1397 2402 1539 2468 etc„
1585 2397 1719 2457 Ade
1764 2397 2071 2477 Harpino,
2121 2404 2248 2460 etc.
2339 2444 2353 2458 .
2437 2406 2509 2459 ut
2552 2417 2743 2477 supra
2765 2418 2782 2473 ;

324 2504 495 2583 quod
536 2504 816 2577 continet
859 2506 924 2563 in
965 2503 1356 2583 longitudine
1391 2502 1512 2581 lij⁰⁵
1545 2503 1737 2582 pedes
1780 2510 1843 2563 et
1885 2504 1950 2563 in
1994 2502 2333 2565 latitudine
2377 2523 2502 2564 xxx
2551 2503 2743 2583 pedes
2764 2524 2781 2577 ;

324 2609 686 2683 tenendum,
731 2618 874 2680 etc„
927 2609 1288 2681 Reddendo,
1335 2615 1458 2671 etc.
1547 2655 1561 2672 .
1646 2616 1716 2670 ut
1760 2628 1969 2688 supra,
2016 2609 2139 2687 xxij
2189 2610 2478 2670 denarios
2521 2611 2783 2689 argenti,

326 2714 405 2775 ad
447 2721 714 2795 quatuor
756 2715 1077 2787 ter-minoe,
1123 2720 1242 2775 etc.
1335 2761 1347 2775 .
1434 2714 1556 2775 hiis
1597 2713 1887 2786 testibus,
1933 2713 2178 2776 Thema
2226 2713 2409 2787 0000,
2454 2720 2572 2776 etc.

333 2992 492 3053 Writ
535 3000 593 3054 to
637 2994 733 3054 the
775 2993 1012 3072 Sherzff
1059 2995 1128 3072 of
1176 2993 1644 3073 Hcrefordshire
1694 2992 2184 3072 acknowlcdqinq
2248 2992 2342 3053 his
2398 2999 2597 3072 report
2648 2992 2782 3053 that

567 3074 666 3215 ἷξε
681 3074 1226 3215 ,ἔζαῖζιιῖἷίεωξέιῆιὴε
1246 3074 1438 3153 parles
1467 3075 1537 3154 of
1573 3075 1846 3152 Squas,
1877 3080 2004 3145 etc„
2047 3093 2196 3134 were
2239 3080 2344 3133 not
2388 3080 2445 3134 to
2488 3074 2553 3133 bc
2577 3074 2785 3153 found

489 3309 718 3371 Colum
769 3309 986 3370 an:
1035 3308 1933 3384 Eanum-onna-Edwardus,
1981 3316 2125 3383 etc„
2170 3309 2542 3371 Vicecomiti
2585 3309 2789 3371 Here·

325 3415 540 3487 fordie,
592 3416 882 3476 salutem.
989 3415 1391 3493 Precepimus
1453 3415 1567 3476 tibi
1629 3416 1798 3495 quod
1856 3415 2069 3494 capias
2120 3416 2433 3494 Rogerum
2489 3414 2782 3488 Pichard,

325 3520 366 3581 J
369 3520 684 3583 ohannem
726 3521 803 3581 de
841 3520 906 3581 la
945 3520 1138 3591 Mers,
1172 3520 1521 3581 Walterum
1561 3521 1745 3592 Bras,
1778 3520 2092 3599 Rogerum
2128 3520 2392 3592 Brocke‚
2422 3519 2783 3581 Johannem

326 3624 386 3685 le
427 3625 645 3695 Blunt,
689 3625 1062 3704 parcarium,
1104 3625 1145 3686 J
1149 3625 1463 3686 ohannem
1521 3625 1743 3705 Legat,
1786 3624 1827 3685 J
1831 3625 2145 3685 ohannem
2193 3624 2268 3684 de
2326 3624 2531 3698 Belni,
2577 3624 2784 3685 David

327 3730 546 3808 Treye,
591 3729 951 3809 Philippum
996 3730 1333 3802 Chinbern,
1381 3730 1768 3791 Willelmum
1827 3730 2024 3791 filium
2077 3729 2377 3791 Willelmi
2440 3730 2785 3791 Camerarii

327 3835 405 3895 de
488 3836 944 3915 Masingetone,
1023 3836 1382 3917 Philippum
1452 3838 1530 3898 de
1615 3837 2075 3915 Masingetone,
2148 3835 2503 3897 Walterum
2582 3837 2783 3897 filium

328 3939 586 4001 Roberti
628 3939 706 4001 de
753 3941 816 4001 la
869 3940 1080 4014 Putte,
1127 3942 1462 4004 Ricardum
1520 3944 1598 4004 de
1653 3944 1716 4004 la
1775 3942 1988 4014 Hulle,
2037 3941 2388 4003 Walterum
2431 3942 2509 4002 de
2550 3943 2782 4016 Balun,

327 4045 715 4106 Willelmum
747 4046 1146 4108 forestarium
1179 4048 1258 4109 de
1294 4049 1556 4122 Markle,
1588 4049 1942 4111 Walterum
1994 4047 2071 4109 de
2101 4048 2164 4109 la
2194 4048 2392 4120 Dene‚
2423 4047 2463 4109 J
2467 4048 2783 4111 ohannem

325 4149 406 4211 de
445 4151 510 4211 la
551 4150 781 4229 Leghe,
813 4150 1199 4214 Willelmum
1241 4152 1494 4224 Gokkel,
1527 4160 1590 4215 et
1635 4152 2034 4232 Stephanum
2068 4152 2305 4213 Avenel
2336 4152 2414 4213 de
2444 4152 2779 4233 Marcleye,

324 4261 392 4315 et
447 4274 555 4317 eos
609 4256 675 4316 in
729 4256 983 4335 prisona
1037 4266 1256 4319 nostra
1311 4258 1484 4320 salvo
1533 4258 1873 4330 custodias,
1927 4258 2017 4319 ita
2058 4257 2223 4338 quod
2266 4275 2527 4337 corpora
2568 4277 2786 4319 eorum

323 4361 454 4422 sint
492 4381 702 4422 coram
741 4362 942 4435 nobis,
981 4382 1022 4424 a
1058 4364 1160 4424 die
1200 4364 1427 4425 Sancte
1465 4362 1793 4424 Trinitatis
1836 4363 1901 4423 in
1946 4383 2027 4424 xv
2054 4363 2207 4434 dies,
2249 4361 2603 4443 ubicunque
2631 4369 2786 4425 tunc

323 4467 627 4529 fuerimus
695 4468 760 4528 in
832 4469 1073 4548 AngHa,
1146 4470 1229 4530 ad
1296 4468 1800 4547 respondendum
1876 4467 2056 4529 nobis
2125 4466 2205 4527 de
2285 4466 2520 4546 placito
2591 4488 2785 4549 quare

323 4579 634 4635 venerunt
687 4572 766 4634 ad
819 4590 1045 4652 parcos
1103 4574 1526 4654 Episcopatus
1589 4572 2071 4633 Herefordensis
2115 4572 2193 4633 de
2250 4572 2528 4652 Sugwas‚
2589 4574 2788 4637 Lede·

323 4678 507 4757 bury,
571 4679 920 4752 GoleweIIe,
986 4685 1050 4740 et
1110 4680 1386 4760 Uptone,
1451 4686 1733 4759 tempore
1814 4678 2170 4741 vacacionis
2247 4678 2531 4757 ejusdem
2601 4680 2787 4759 Epis·

325 4791 594 4865 copatus
640 4785 706 4844 in
762 4804 956 4846 manu
998 4794 1216 4846 nostra
1263 4785 1628 4856 existentes,
1672 4790 1738 4845 et
1782 4802 2004 4863 parcos
2055 4783 2195 4844 illos
2244 4782 2561 4862 fregerunt
2604 4796 2669 4845 et
2718 4786 2787 4846 in

326 4888 420 4951 eis
486 4888 858 4969 fugaverunt
927 4897 992 4953 et
1059 4891 1226 4953 feras
1295 4898 1617 4970 ceperunt,
1683 4894 1748 4952 et
1819 4888 2072 4951 arbores
2132 4888 2366 4951 ibidem
2431 4896 2784 4953 crescentes
