3459 5617
630 512 752 571 234
1292 514 1648 592 Reqistrum
1705 515 1925 575 Thome
1980 515 2054 575 de
2112 514 2444 594 Cantilupo

631 746 800 808 John
837 747 910 806 de
949 747 1245 826 Bitterley
1284 748 1340 808 is
1379 749 1682 840 informed
1715 750 1851 810 that
1881 749 2085 810 Adam
2113 750 2187 811 de
2214 749 2432 828 Fizeby
2460 770 2584 810 was
2613 750 2873 810 collated
2906 758 2965 810 ιο
2997 750 3101 812 the

874 829 1154 906 Deanery
1212 829 1672 908 eonditwnally,
1734 831 1860 890 and
1924 831 2059 891 that
2116 830 2373 910 nothing]
2429 829 2651 892 should
2710 831 2776 891 be
2838 831 2993 892 done
3036 839 3097 892 ιο

867 909 1184 988 prejudice
1227 911 1324 970 the
1363 911 1578 971 olaims
1619 912 1691 990 of
1725 911 1893 972 John
1931 911 2005 972 de
2037 911 2441 990 Aquablanoa
2470 919 2539 972 αι
2571 911 2778 972 Rome.
2848 912 3099 974 Details

873 991 942 1068 of
987 990 1083 1050 the
1115 991 1283 1050 letter
1330 998 1386 1051 ιο
1432 991 1530 1051 the
1575 991 1881 1052 Cardinal
1919 1013 2025 1052 are
2066 992 2357 1071 reported,
2400 992 2528 1053 and
2568 1013 2610 1052 a
2652 992 2991 1071 transcripti
3030 993 3108 1072 of

877 1071 973 1130 the
1001 1071 1386 1131 commission
1417 1079 1473 1132 ιο
1519 1072 1616 1134 the
1642 1072 2026 1152 Archbishop
2055 1072 2111 1134 is
2140 1080 2290 1142 sent,
2323 1073 2458 1132 that
2502 1073 2572 1133 he
2598 1093 2740 1151 may
2783 1073 3097 1133 ascertain

876 1151 972 1211 the
1000 1152 1134 1230 full
1171 1152 1455 1230 meaning]
1496 1153 1566 1231 of
1598 1153 1835 1213 certain
1879 1153 2179 1214 teehnical
2210 1152 2485 1232 phrases.
2575 1153 2698 1214 The
2744 1153 2992 1214 Church
3032 1155 3107 1234 of

877 1232 1050 1310 Groft
1093 1231 1202 1292 has
1247 1232 1387 1292 been
1427 1234 1738 1312 confer-red
1786 1255 1865 1294 on
1914 1233 2045 1293 him
2090 1233 2644 1313 notwithstanding]
2687 1233 2823 1294 that
2866 1234 2937 1294 he
2981 1234 3095 1294 has

874 1312 1014 1372 been
1045 1313 1363 1392 presented
1405 1319 1463 1374 ιο
1505 1334 1544 1374 α
1588 1314 1837 1392 benefice
1880 1314 1954 1392 by
2000 1314 2096 1374 the
2129 1321 2449 1394 patrone-ss
2490 1314 2623 1376 who
2667 1315 2777 1375 has
2820 1335 2955 1375 won
2990 1316 3099 1376 her

871 1392 1000 1453 suit
1043 1393 1114 1452 in
1159 1394 1344 1454 Gourt
1390 1395 1653 1474 relatinq
1703 1401 1761 1456 ιο
1804 1395 1874 1455 it.

788 1547 1081 1621 Thomas,
1111 1555 1249 1620 etc„
1280 1550 1318 1609 J
1322 1551 1557 1610 ohanni
1593 1552 1668 1611 de
1712 1551 2070 1630 Buterleye,
2103 1549 2499 1610 Procuratori
2544 1570 2659 1610 suo
2701 1549 2767 1609 in
2810 1551 3103 1611 Romana

626 1654 816 1715 Curia
873 1657 1304 1728 commoranti,
1365 1657 1651 1728 salutem,
1711 1664 1830 1718 etc.
1933 1657 2079 1718 Non
2138 1656 2449 1717 credimus
2506 1663 2630 1716 vos·
2676 1655 2873 1717 latere
2931 1657 3103 1736 quod

629 1759 1022 1819 Decanatum
1067 1758 1593 1827 Herefordensem
1637 1761 2087 1822 contulerimus
2130 1761 2430 1841 magistro
2474 1760 2606 1822 Ade
2649 1763 2725 1822 de
2768 1762 2989 1841 Fileby
3032 1762 3099 1821 in

628 1870 926 1925 eventum
995 1863 1374 1943 hujusmodi,
1446 1866 1500 1926 si
1555 1872 1775 1927 contra
1832 1867 1871 1926 J
1873 1867 2188 1927 ohannem
2243 1867 2321 1927 de
2378 1866 2558 1947 Aqua
2612 1867 2861 1928 Blanka
2910 1888 3103 1947 super

625 1970 848 2031 eodem
919 1971 1246 2032 Decanatu
1315 1971 1380 2031 in
1451 1972 1737 2032 Romana
1806 1972 1995 2034 Curia
2064 1973 2386 2033 sentencia.
2448 1973 2730 2044 ferretur,
2782 1994 3103 2053 nusquam

625 2082 917 2156 gerentes
977 2077 1041 2136 in
1106 2078 1315 2138 animo
1377 2084 1450 2138 ut
1513 2078 1629 2140 sibi
1701 2079 2125 2139 adversarium
2187 2098 2570 2157 pararemus,
2622 2099 2739 2139 nec
2800 2099 2919 2140 nos
2979 2099 3103 2140 nec

624 2181 832 2243 dictus
884 2183 1101 2254 Adam,
1161 2183 1301 2255 nisi,
1351 2190 1539 2263 prout
1589 2185 2165 2264 suprascripsimus,
2210 2204 2335 2263 quo
2377 2183 2577 2264 magis
2620 2185 3021 2264 elongaretur
3062 2205 3105 2247 a

624 2288 1063 2368 consequendo
1123 2289 1225 2367 jus
1287 2308 1509 2361 suum;
1573 2310 1802 2369 proper
1862 2290 2031 2370 quod
2092 2289 2404 2360 nolumus,
2470 2289 2664 2350 immo
2726 2289 2948 2368 pocius
3003 2289 3101 2348 in-

622 2393 912 2454 hibemus
971 2414 1278 2472 expresse,
1323 2414 1404 2454 ne
1462 2395 1624 2455 clam
1683 2395 1783 2455 vel
1841 2395 2069 2475 palam,
2130 2415 2241 2474 per
2300 2415 2413 2455 vos
2472 2400 2582 2454 aut
2641 2394 2816 2466 alios,
2877 2401 3101 2456 nostro

623 2499 879 2561 nomine
935 2499 1137 2560 eidem
1195 2501 1234 2560 J
1237 2501 1472 2561 ohanni
1529 2501 1594 2560 in
1649 2501 2096 2581 prosecucione
2146 2501 2303 2580 juris
2360 2501 2457 2562 sui
2514 2521 2703 2580 super
2766 2502 3103 2563 Decanatu

623 2602 1145 2685 impedimentum
1187 2605 1439 2685 aliquod
1481 2612 1591 2667 aut
1632 2606 2065 2667 resistenciam
2107 2606 2454 2686 procuretis
2489 2605 2717 2666 afferri.
2802 2606 3103 2667 Preterea

620 2712 897 2774 caveatis
937 2731 1018 2774 ne
1061 2713 1359 2792 magistro
1406 2713 1538 2774 Ade
1582 2713 1844 2793 prefat0,
1888 2711 2415 2792 procuratoribus,
2466 2712 2672 2783 sociis,
2716 2712 2955 2784 amicis,
2986 2731 3099 2773 seu

621 2817 790 2878 notis
831 2817 1027 2896 ipsius
1065 2817 1130 2876 in
1170 2817 1358 2878 Curia
1390 2817 1456 2878 in
1493 2819 1776 2897 predicto
1814 2818 2090 2897 negocio,
2126 2822 2236 2879 aut
2267 2817 2333 2876 in
2369 2817 2507 2878 aliis
2538 2836 2656 2878 nos
2690 2817 3097 2897 tangentibus

619 2927 732 2983 aut
793 2927 1044 2984 nostros
1093 2923 1350 2984 clericos
1399 2924 1497 2984 vel
1547 2924 1851 2995 subditos,
1896 2943 2009 2984 seu
2058 2922 2360 2984 beneficia
2408 2929 2622 2984 nostre
2664 2923 2942 2984 civitatis
2984 2943 3096 2984 seu

617 3027 905 3098 diocesis,
950 3027 1207 3087 omnino
1263 3028 1550 3100 credatis,
1594 3029 1715 3090 nisi
1772 3033 2083 3108 quatenus
2126 3027 2203 3087 de
2252 3026 2370 3087 hac
2412 3026 2589 3087 vobis
2637 3027 3091 3106 scripserimus,

621 3133 720 3195 vel
777 3133 1109 3194 manifeste
1164 3134 1446 3196 videritis
1495 3135 1650 3195 utile
1698 3134 1881 3194 nobis
1931 3153 2069 3195 esse
2128 3133 2295 3213 quod
2353 3133 2610 3204 dicunt;
2672 3137 2770 3192 set
2828 3132 3094 3194 sollicite

621 3237 916 3297 laboretis
958 3257 1040 3298 ne
1080 3257 1193 3316 per
1233 3257 1340 3298 eos
1383 3238 1592 3318 aliqua
1631 3239 1844 3298 littera
1884 3238 2157 3318 graciam
2192 3257 2303 3298 seu
2338 3256 2739 3298 communem
2772 3238 3092 3316 iusticiam

620 3339 973 3412 continens,
1004 3346 1068 3401 et
1111 3341 1290 3403 nobis
1334 3362 1406 3402 ac
1448 3342 1682 3403 nostris
1723 3341 2145 3421 prejudicialis
2180 3341 2474 3412 existens,
2503 3341 2581 3400 de
2615 3360 2741 3420 quo
2774 3341 3092 3412 timemus,

621 3444 976 3525 aliqualiter
1049 3447 1440 3526 impetretur.
1544 3447 1683 3508 Hec
1761 3452 1974 3507 tamen
2058 3446 2123 3505 in
2205 3446 2438 3506 virtute
2520 3445 2883 3506 obediencie
2966 3448 3094 3507 sint

620 3551 798 3613 vobis
841 3558 1099 3613 secreta.
1201 3552 1298 3613 Ad
1353 3553 1471 3614 hec
1525 3553 1839 3614 mittimus
1904 3552 2178 3613 Domino
2240 3552 2501 3613 Matheo
2563 3551 2882 3612 Cardinali
2924 3559 3093 3613 tran·

618 3657 928 3736 scriptum
968 3659 1176 3720 littere
1237 3679 1427 3739 quam
1489 3665 1709 3721 contra
1770 3679 1889 3721 nos
1928 3660 2058 3738 jam
2099 3659 2324 3718 ultimo
2368 3658 2729 3737 impetravit
2778 3659 3094 3720 Dominus

621 3761 1012 3834 Assavensis,
1083 3765 1250 3843 quod
1319 3765 1499 3826 nobis
1570 3765 1851 3836 misistis,
1931 3783 2054 3844 que
2127 3763 2310 3825 nobis
2381 3763 2719 3823 admodum
2788 3764 3094 3844 injuriosa

620 3867 900 3939 videtum
965 3874 1037 3928 ut
1099 3870 1279 3931 nobis
1343 3891 1380 3930 a
1437 3871 1711 3931 Domino
1769 3870 1941 3950 Papa
1998 3869 2251 3949 aliquod
2306 3875 2685 3948 oportunum
2742 3871 3092 3931 remedium

617 3991 809 4052 super
876 3974 1013 4052 ejus
1083 3977 1490 4037 enervacione
1559 3981 1887 4055 procuret;
1960 3981 2023 4035 et
2085 3994 2198 4035 vos
2267 3974 2477 4053 ipsum
2539 3975 2619 4033 ad
2680 3974 2801 4034 hoc
2862 3975 3093 4055 jugiter

617 4079 922 4150 excitetis,
952 4086 1042 4152 ut,
1083 4081 1136 4141 si
1174 4080 1426 4143 uberius
1464 4082 1811 4143 remedium
1846 4101 1974 4142 non
2008 4079 2211 4159 possit
2246 4078 2478 4150 haberi,
2514 4079 2739 4140 saltem
2775 4080 3090 4141 Dominus

622 4184 796 4263 Papa
837 4186 1042 4246 denuo
1084 4186 1314 4247 scribat
1357 4187 1632 4248 Domino
1678 4187 1740 4265 [J
1744 4187 2001 4264 ohanni]
2049 4184 2505 4256 Cantuariensi,
2554 4183 2657 4243 cui
2698 4183 2913 4244 littera
2952 4205 3087 4264 pre-

620 4288 813 4348 libata
860 4289 1163 4370 dirigitur,
1206 4291 1305 4350 vel
1354 4289 1538 4350 alicui
1588 4289 2005 4350 Eboracensis
2056 4287 2384 4349 Provincie
2432 4306 2560 4346 non
2602 4292 2919 4366 suspectO,
2962 4307 3087 4348 non

619 4393 912 4456 obstante
955 4397 1428 4458 constitucione
1471 4398 1548 4459 de
1591 4397 1834 4458 duabus
1876 4397 2095 4466 dietis;
2147 4395 2332 4475 quod,
2377 4393 2499 4454 nisi
2541 4413 2729 4454 cause
2770 4394 2836 4452 in
2880 4395 3089 4456 littera

619 4499 900 4578 predicta
947 4507 1260 4572 contente,
1312 4503 1392 4563 ob
1439 4523 1596 4582 quas
1647 4502 1960 4562 Dominus
2012 4501 2185 4580 Papa
2232 4498 2446 4558 induci
2496 4497 2694 4558 fertur
2744 4499 2825 4559 ad
2873 4499 3084 4580 hujus·

619 4604 789 4666 modi
847 4605 1122 4666 litteram
1179 4608 1660 4680 concedendam,
1723 4608 2055 4667 veritatem
2111 4604 2493 4674 contineant,
2551 4602 2831 4664 litteram
2887 4605 3087 4684 ipsam

620 4710 855 4782 reiciat,
919 4717 1036 4772 etc.
1161 4712 1484 4774 Prefatum
1541 4719 1754 4774 autem
1810 4711 2261 4790 transcriptum
2324 4729 2401 4769 ex
2456 4707 2848 4770 habundanti
2910 4711 3083 4772 vobis

623 4816 1129 4889 transmittimus,
1187 4818 1242 4878 si
1299 4838 1423 4898 quo
1465 4839 1615 4878 casu
1657 4817 1917 4878 fortuito
1959 4815 2269 4876 desieritis
2311 4813 2465 4873 illud
2506 4811 2752 4886 habere,
2812 4819 2878 4876 et
2918 4821 3079 4876 tra-n-

619 4921 927 5000 scriptum
975 4923 1182 4984 littere
1241 4944 1429 5003 quam
1487 4925 1800 4984 mittimus
1856 4921 2189 4984 Gardinali.
2300 4918 2646 4999 Inquiratis
2694 4921 2893 4981 eciam
2936 4922 3077 5002 quid
