3459 5617
283 1630 380 1671 1³01.

407 1632 471 1670 2⁴.

587 480 666 541 74
1238 478 1594 557 Reqistrum
1651 479 1873 540 Thome
1926 480 2002 540 de
2073 478 2405 559 Cantilupo

582 702 662 763 de
693 703 1104 765 Chaworthes
1143 703 1418 764 Domino
1455 704 1714 777 Thome‚
1756 704 2072 783 Episcopo
2102 702 2571 776 Herefordensi,
2602 704 2821 764 decem
2857 703 3057 765 libras

579 827 693 887 pro
738 809 1066 888 maritagio
1115 810 1389 870 filiarum
1439 816 1502 870 et
1553 808 1854 870 heredum
1910 810 2231 890 quondam
2288 808 2544 870 Banulfi
2605 810 2665 870 le
2722 810 2923 881 Poer;
2993 814 3060 870 et

583 914 805 975 habuit
849 915 994 975 inde
1037 916 1281 977 litteras
1331 916 1590 977 Domini
1631 916 1709 976 de
1756 914 2138 995 aquitancia.

583 1197 736 1274 May
786 1196 1309 1267 7‚1276.—Writ
1353 1202 1409 1257 to
1451 1196 1547 1256 the
1591 1195 1830 1275 Sheriff
1850 1196 1921 1275 os
1956 1194 2324 1275 Shropshire
2364 1194 2677 1286 repeating]
2717 1195 3054 1257 directio-m

815 1278 924 1355 for
965 1276 1062 1336 the
1101 1284 1302 1355 report
1343 1277 1413 1356 os
1463 1276 1559 1337 the
1615 1276 1778 1355 Jury
1834 1297 1913 1337 on
1969 1276 2066 1337 the
2112 1275 2407 1355 poaehers
2462 1276 2535 1337 in
2590 1276 2689 1337 the
2742 1277 3055 1369 episcopal

825 1357 1023 1418 woods
1064 1364 1131 1417 at
1172 1358 1501 1419 Eastwood
1541 1297 1778 1417 whilery
1773 1357 1870 1418 the
1918 1358 2027 1417 See
2066 1377 2192 1417 was
2234 1356 2395 1429 void,
2439 1356 2567 1417 and
2610 1356 2868 1435 hiddinq
2920 1357 3054 1418 him

828 1458 1056 1517 appear
1096 1438 1168 1498 in
1214 1438 1403 1499 Gourt
1446 1445 1503 1499 to
1545 1458 1782 1499 answer
1806 1440 1917 1518 for
1959 1438 2055 1498 his
2097 1438 2341 1515 neqlect.

754 1612 1064 1674 Sanoua:
1130 1630 1218 1673 na
1281 1613 1644 1673 Lanaeus!
1709 1612 1769 1673 N
1774 1610 2425 1685 oarn.—Edwardus,
2479 1616 2622 1683 etc„
2682 1610 3059 1673 vicecomiti

593 1718 858 1797 Salopie,
891 1719 1184 1779 salutem.
1271 1718 1430 1779 Cum
1473 1717 1588 1778 tibi
1629 1737 1831 1797 nuper
1871 1736 1981 1796 per
2024 1722 2274 1791 nostr-as
2316 1716 2560 1777 litteras
2592 1714 3059 1795 preceperimus

589 1824 754 1905 quod
795 1844 907 1905 per
949 1830 1410 1886 sacramentum
1446 1825 1782 1904 proborum
1820 1830 1882 1886 et
1917 1824 2209 1903 legalium
2247 1823 2577 1884 hominum
2615 1822 2693 1883 de
2732 1823 3060 1884 Comitatu

588 1938 719 2005 tuo,
783 1951 895 2011 per
961 1951 1120 2012 quos
1189 1933 1281 1993 rei
1348 1931 1580 1994 veritas
1652 1932 1798 1993 sciri
1859 1933 2112 2010 poterit,
2180 1930 2507 2009 diligenter
2568 1929 2912 2009 inquireres
2980 1930 3063 1990 de

587 2037 962 2117 quibusdam
997 2038 1618 2117 transgressionibus,
1660 2044 1942 2117 tempore
1980 2038 2202 2098 ultime
2238 2036 2593 2098 vacacionis
2636 2033 3063 2116 Episcopatus

589 2142 1092 2218 Herefordensis,
1150 2144 1214 2203 in
1271 2144 1459 2205 bosco
1515 2143 1592 2205 de
1648 2144 1969 2215 Estwode,
2029 2154 2093 2204 et
2148 2144 2286 2205 aliis
2333 2143 2541 2205 boscis
2595 2142 3061 2222 pertinentibus

588 2248 669 2309 ad
730 2255 1011 2310 castrum
1073 2250 1356 2329 eiusdem
1419 2250 1844 2329 Episcopatus
1906 2250 1985 2311 de
2054 2250 2383 2326 bedebury
2449 2250 2657 2311 North
2720 2250 2924 2322 factis,
2993 2258 3065 2311 et

590 2354 757 2434 quod
814 2353 1289 2433 inquisicionem
1352 2354 1499 2416 inde
1557 2355 1793 2415 factam
1848 2355 2027 2416 nobis
2085 2355 2365 2416 mitteres
2416 2354 2534 2416 sub
2586 2356 2791 2435 sigillo
2840 2362 2972 2428 tuo,
3019 2374 3066 2416 a

587 2458 689 2520 die
759 2459 1002 2520 Pasohe
1084 2461 1150 2520 in
1220 2480 1416 2521 unum
1501 2481 1782 2523 mensem
1864 2460 1998 2540 jam
2065 2462 2457 2541 preteritum,
2532 2472 2602 2522 tu
2679 2462 3063 2524 mandatum

585 2576 873 2628 nostrum
927 2566 1280 2647 predictum
1336 2566 1642 2629 hactenus
1699 2569 1905 2630 facere
1963 2588 2089 2629 non
2144 2570 2400 2641 curasti,
2446 2569 2523 2630 de
2579 2588 2704 2649 quo
2747 2570 3057 2630 miramur

583 2671 820 2751 pariter
881 2678 944 2732 et
1007 2691 1350 2734 movemur.
1473 2674 1560 2733 Et
1629 2673 1772 2734 ideo
1835 2673 1948 2734 tibi
2010 2673 2410 2752 precipimus,
2474 2676 2637 2735 sicut
2701 2674 2859 2736 alias
2916 2694 3063 2753 pre—

581 2780 884 2857 cepimus,
948 2778 1115 2857 quod
1178 2778 1418 2840 dictam
1486 2779 1984 2859 inquisicionem,
2050 2779 2397 2841 secundum
2468 2782 2750 2840 tenorem
2820 2781 3054 2859 prioris

581 2882 866 2944 mandati
922 2884 1119 2944 nostri
1175 2883 1289 2944 tibi
1345 2883 1490 2944 inde
1544 2884 1786 2957 directi,
1832 2886 1967 2945 sine
2015 2885 2321 2947 dilacione
2364 2886 2579 2959 facias,
2626 2892 2689 2947 et
2732 2906 2873 2947 eam
2915 2886 3047 2947 dis·

583 2989 778 3049 tincte
836 2996 899 3049 et
959 2996 1175 3068 aperte
1233 2990 1350 3051 sub
1405 2990 1607 3069 sigillo
1664 2999 1775 3051 tuo
1832 2997 1894 3051 et
1951 2991 2170 3071 sigillis
2227 3010 2443 3052 eorum
2499 3011 2611 3070 per
2664 3011 2823 3072 quos
2866 2992 3045 3054 facta

583 3094 771 3155 fuerit
833 3094 1013 3155 nobis
1074 3097 1313 3167 mittas,
1380 3094 1470 3156 ita
1531 3096 1699 3176 quod
1761 3116 1902 3157 eam
1965 3096 2311 3158 habeamus
2366 3096 2431 3157 in
2492 3097 2752 3159 Octabis
2814 3098 3055 3159 Sancte

579 3200 931 3271 Trinitatis,
975 3201 1330 3283 ubicunque
1373 3216 1524 3263 tunc
1566 3203 1869 3264 fuerimus
1907 3202 1973 3263 in
2013 3204 2254 3282 Anglia.
2356 3204 2442 3264 Et
2485 3209 2553 3264 tu
2594 3204 2727 3283 ipse
2765 3212 2915 3264 tunc
2958 3204 3055 3266 sis

576 3308 829 3379 ibidem,
875 3308 954 3369 ad
1011 3307 1516 3387 respondendum
1558 3306 1635 3368 de
1677 3314 2047 3387 contemptu
2086 3309 2311 3387 prioris
2353 3310 2636 3370 mandati
2681 3310 2877 3369 nostri
2918 3310 3039 3369 tibi

577 3413 644 3474 in
699 3414 818 3474 hac
872 3419 1052 3492 parte
1108 3414 1348 3475 directi.
1478 3414 1666 3474 Teste
1721 3414 1961 3493 meipso
2020 3415 2189 3493 apud
2253 3414 2907 3488 westmonasterium,
2962 3416 3053 3495 vij

581 3520 684 3581 die
727 3519 903 3592 Maii,
950 3540 1118 3581 anno
1159 3520 1334 3600 regni
1375 3521 1573 3582 nostri
1614 3528 1861 3601 quarto.

747 3676 1099 3755 Episcopus
1162 3681 1441 3737 attornet
1503 3676 1776 3757 aliquem
1842 3678 1949 3757 qui
2008 3686 2310 3757 sequatur
2366 3697 2479 3757 pro
2537 3678 2707 3757 Rege
2760 3679 2827 3738 in
2876 3677 3059 3741 dicto

583 3784 818 3862 placito
859 3784 926 3843 in
968 3783 1228 3845 Octabis
1273 3784 1506 3844 Sancte
1547 3783 1900 3843 Trinitatis.

586 4061 732 4121 Ja‘n.
785 4066 834 4132 7,
877 4060 1348 4121 1277.—Letter
1397 4068 1454 4121 to
1500 4060 1736 4122 Master
1768 4060 1853 4132 0„
1902 4062 2116 4121 Canon
2150 4062 2221 4139 of
2257 4062 2348 4122 St.
2392 4062 2688 4133 PaneraS,
2738 4062 3051 4134 Florenoe,

829 4140 1122 4219 olaiminq
1168 4141 1264 4202 the
1307 4140 1558 4219 hearinq
1599 4142 1668 4221 of
1709 4162 1751 4202 a
1790 4141 1917 4202 suit
1964 4142 2172 4203 moved
2216 4142 2290 4221 by
2336 4142 2433 4202 the
2479 4143 2666 4203 Prior
2713 4142 2838 4203 and
2890 4142 3051 4203 Gon—

829 4228 969 4283 vent
1009 4222 1078 4299 of
1120 4222 1498 4282 Wrokestone
1538 4221 1787 4299 aqainst
1836 4222 2114 4283 William
2154 4223 2227 4283 de
2268 4223 2478 4301 Loqu,
2528 4224 2850 4303 exempted,
2894 4244 2965 4283 as
3010 4244 3056 4284 a

835 4302 1156 4373 Gru-seder,
1208 4303 1282 4380 by
1335 4302 1432 4363 the
1483 4302 1715 4363 Second
1768 4303 2029 4364 Gouncil
2075 4304 2145 4383 of
2191 4304 2399 4382 Lyons
2436 4305 2608 4383 from
2652 4303 3051 4383 proceedinqs

831 4383 902 4443 in
947 4384 1163 4443 Courts
1205 4382 1442 4443 outside
1487 4382 1582 4443 his
1625 4404 1760 4443 own
1798 4383 2046 4445 diocese.

752 4558 853 4617 Da
897 4556 1818 4629 Onuonsmnms.-Thomas‚
1862 4563 2006 4630 etc„
2050 4558 2356 4637 magistro
2402 4558 2472 4620 Ο.
2519 4556 2597 4619 de
2640 4558 3061 4632 Florentino,¹

586 4662 906 4725 Canonico
951 4661 1168 4723 Sancti
1211 4664 1536 4723 Pancracii
1594 4662 1672 4723 de
1727 4663 2112 4736 Florentino,
2160 4664 2427 4724 salutem
2470 4662 2537 4722 in
2579 4682 2653 4724 eo
2694 4664 2803 4743 qui
2844 4664 3057 4725 salvat

587 4771 916 4847 sperantes
956 4766 1024 4825 in
1065 4784 1150 4826 se.
1238 4765 1464 4827 Felicis
1505 4765 1959 4827 recordacionis
1998 4768 2338 4847 Gregorius
2372 4768 2547 4847 Papa
2583 4787 2782 4848 nuper
2818 4768 3055 4830 statuit

1439 4904 1747 4952 l—Probably
1772 4917 1801 4947 a
1830 4906 1976 4952 Papa!
2002 4904 2229 4952 delegate.
