3459 5617
1193 494 1495 576 Episcopi
1549 498 2032 577 Heresordensia
2766 506 2845 565 43

383 716 548 795 Gopy
577 717 722 857 ojkla
758 718 1032 860 {leceline}
1057 720 1952 863 {ytwhicssgamrwqhkssaem
1992 744 2117 863 ποῇς
2160 726 2447 865 enfeoqsd
2492 726 2566 804 by
2609 727 2846 807 Bishop

623 818 1017 957 bwaillieam
1028 803 1505 959 ZZOHZssynton,
1519 824 1680 944 zzzoho
1721 810 2055 963 ggsozrsshenq
2086 807 2661 966 ἦποῗέηἶὴαέυῗ
2684 808 2847 949 7·ῗῇΖὲ

620 960 839 1039 charqe
865 962 937 1041 of
958 962 1122 1023 three
1149 962 1436 1042 shillinqs
1467 965 1593 1024 and
1609 966 1763 1045 four
1782 986 1985 1045 penca.

541 1104 710 1165 Item
738 1105 840 1167 hic
871 1112 968 1168 est
984 1107 1456 1169 feoffamentum
1487 1129 1692 1173 suum.
1778 1110 1968 1189 Hugo
1997 1111 2222 1184 Foliot,
2255 1112 2375 1172 Dei
2404 1114 2615 1193 gracia
2644 1115 2843 1176 Hers-

376 1208 684 1271 iordensis
709 1212 1084 1292 Episcopus,
1109 1217 1228 1276 etc.
1316 1214 1578 1277 Noverit
1600 1215 1977 1277 universitas
1998 1224 2211 1278 vestra
2234 1219 2398 1297 quod
2422 1239 2536 1280 nos
2558 1220 2845 1281 dedimus

377 1320 444 1375 et
473 1318 922 1390 concessimus,
954 1323 1017 1380 et
1058 1317 1181 1379 hac
1222 1320 1499 1398 presenti
1541 1330 1720 1381 carta
1749 1330 1969 1382 nostra
1997 1324 2529 1397 confirmavimus,
2562 1326 2846 1387 Waltero

378 1420 684 1493 clement,
716 1442 829 1503 pro
858 1424 1151 1504 homagio
1180 1426 1535 1487 et.servicio
1564 1446 1698 1499 su0,
1732 1433 1933 1488 totam
1976 1434 2208 1490 terram
2252 1449 2395 1490 cum
2439 1431 2846 1509 pertinenciis

378 1526 509 1589 suis
535 1528 604 1588 in
631 1532 911 1592 manerio
939 1541 1156 1593 nostro
1187 1532 1264 1593 de
1297 1532 1682 1611 Wyteburne
1711 1554 1903 1614 quam
1942 1534 2297 1596 Willelmus
2325 1536 2403 1596 de
2446 1536 2839 1615 Hudyntone

377 1633 718 1714 aliquando
745 1638 972 1709 tenuit,
1005 1657 1124 1716 que
1155 1644 1374 1698 nostra
1407 1644 1660 1699 escaeta
1701 1639 1839 1710 fuit,
1870 1658 1983 1717 per
2023 1639 2422 1701 latrocinium
2466 1642 2631 1722 quod
2674 1642 2842 1702 idem

376 1739 522 1801 iecit
576 1760 689 1820 pro
735 1761 859 1821 quo
904 1762 1248 1822 suspensus
1295 1743 1414 1803 fuit
1437 1763 1454 1817 ;
1507 1746 1852 1805 tenendum
1900 1751 1966 1805 et
2015 1744 2375 1806 habendum
2424 1747 2504 1807 de
2552 1747 2733 1808 nobis
2776 1753 2841 1809 et

375 1847 840 1909 suecessoribus
869 1848 1101 1909 nostris
1132 1848 1249 1909 sibi
1279 1854 1344 1909 et
1373 1849 1708 1911 heredibus
1739 1850 1890 1921 suis,
1923 1856 1987 1911 et
2016 1850 2351 1929 assignatis
2380 1852 2531 1925 suis,
2564 1852 2628 1911 in
2657 1853 2841 1915 feodo

374 1958 439 2013 et
467 1952 838 2023 hereditate,
868 1952 1060 2013 libere
1090 1961 1153 2014 et
1184 1954 1414 2034 quiete,
1446 1956 1685 2032 integre
1715 1959 1779 2015 et
1805 1954 2083 2033 pacifice,
2130 1956 2211 2016 ab
2240 1957 2531 2017 omnibus
2562 1958 2839 2018 serviciis

371 2059 684 2137 regalibus
707 2070 770 2119 et
799 2060 1092 2121 omnibus
1121 2060 1262 2121 aliis
1285 2060 1633 2132 domandis,
1659 2062 1869 2131 sectis,
1896 2061 2143 2122 auxiliis
2166 2072 2230 2121 et
2254 2063 2837 2138 consuetudinibus,

373 2183 493 2245 qus
523 2165 600 2225 de
629 2170 798 2226 terra
826 2172 1056 2225 exeunt
1073 2166 1171 2227 vel
1192 2167 1358 2228 exire
1374 2171 1670 2246 poterunt
1695 2185 1710 2237 ;
1744 2171 1807 2227 et
1825 2168 1891 2226 in
1910 2167 2099 2228 bosco
2118 2172 2333 2228 nostro
2363 2168 2441 2228 de
2459 2168 2839 2249 Brinkestye

373 2270 585 2349 fuayle
627 2270 762 2331 sine
801 2276 982 2331 vasto
1024 2276 1086 2331 et
1127 2271 1396 2332 husbots
1425 2281 1488 2331 et
1531 2270 1847 2349 heybote‚¹
1883 2290 1996 2350 per
2025 2271 2228 2332 visum
2273 2270 2487 2333 ballivi
2523 2274 2741 2344 nostri,
2774 2277 2839 2335 et

372 2376 634 2438 liberam
667 2383 994 2456 pasturam
1023 2377 1400 2438 omnimodis
1429 2377 1651 2438 averiis
1681 2377 1812 2439 suis
1841 2377 2323 2458 imperpetuum,
2356 2384 2420 2439 et
2449 2380 2515 2438 in
2544 2378 2837 2441 omnibus

371 2481 770 2543 libertatibus
812 2488 876 2543 et
917 2482 984 2542 in
1025 2482 1178 2544 locis
1221 2490 1284 2545 et
1325 2483 1548 2556 rebus;
1609 2484 1927 2546 reddendo
1972 2484 2119 2546 inde
2149 2484 2478 2546 annuatim
2506 2485 2572 2564 iij
2605 2485 2840 2548 solidos

369 2588 461 2667 iiij
491 2588 768 2649 denariis
797 2608 910 2668 pro
937 2588 1110 2649 omni
1139 2590 1422 2661 serviem,
1453 2590 1909 2652 consuetudine
1951 2596 2015 2652 et
2054 2591 2371 2652 demanda
2399 2596 2464 2651 et
2506 2591 2839 2652 exaccione

373 2694 659 2755 seculari.

375 2937 619 2999 Verdict
647 2938 717 3017 os
749 2958 791 2997 a
809 2937 960 3016 jury
989 2938 1060 3017 of
1095 2938 1193 2998 the
1223 2938 1499 2998 hundred
1526 2939 1596 3017 os
1630 2938 1923 2999 Radlows
1953 2939 2088 2999 that
2119 2938 2287 2999 John
2323 2938 2375 3000 le
2415 2938 2604 3000 Blont
2648 2939 2838 3001 killed

610 3039 651 3079 a
679 3018 788 3079 doc
817 3018 888 3079 in
918 3018 1014 3079 the
1039 3018 1204 3099 park
1232 3019 1303 3098 os
1334 3019 1641 3097 Ledbury.

526 3161 691 3222 Item
720 3162 799 3223 de
825 3181 1016 3241 parco
1044 3163 1122 3223 de
1154 3162 1485 3241 Ledebury
1515 3168 1580 3222 et
1609 3161 2177 3241 transgressoribus
2208 3161 2515 3240 ejusdem.

527 3293 568 3355 J
571 3295 738 3354 urati
768 3293 1101 3355 Hundrsdi
1129 3294 1206 3355 de
1236 3294 1572 3355 Badelowe
1601 3293 1680 3354 de
1710 3292 2042 3373 Ledebyry
2064 3294 2283 3354 dicunt
2311 3293 2479 3374 quod
2504 3294 2544 3355 J
2549 3294 2835 3356 ohannes

362 3398 424 3460 le
451 3398 669 3472 Blont,
712 3406 864 3461 tunc
893 3400 1191 3479 temporis
1217 3399 1564 3480 paroarius,
1597 3401 1836 3462 scilicet
1880 3406 2161 3481 tempore
2187 3401 2561 3471 vacacionis,
2606 3401 2833 3462 occidit

361 3522 557 3565 unam
587 3506 840 3565 damam
869 3506 934 3565 in
963 3524 1152 3585 parco
1180 3506 1258 3567 de
1286 3505 1637 3586 Ledebyry‚
1668 3506 1837 3566 unde
1863 3505 1903 3568 J
1908 3506 2189 3567 ohannes
2221 3506 2440 3585 Legat,
2474 3506 2830 3567 Willelmus

365 3609 586 3682 Faber,
619 3610 936 3671 Heni-icus
980 3611 1182 3683 Potel,
1213 3611 1253 3672 J
1257 3612 1538 3673 ohannes
1583 3611 1828 3673 Beaulu
1875 3612 2230 3673 habuerunt
2276 3618 2520 3692 partem
2555 3612 2633 3673 de
2662 3611 2834 3674 dicta

365 3715 556 3777 dama
583 3736 728 3777 cum
757 3716 927 3777 dioto
954 3718 994 3778 J
1016 3717 1310 3796 [ohanne]
1355 3716 1659 3797 percutio,

363 3959 510 4021 Also
542 3960 676 4020 that
705 3960 920 4038 Henry
948 3962 1138 4021 Bao-et
1165 3962 1292 4021 and
1320 3981 1495 4022 seven
1520 3960 1718 4022 others
1753 3960 1889 4021 took
1906 3960 2032 4039 five
2062 3959 2244 4021 bucks
2274 3960 2400 4020 and
2438 3960 2575 4020 does
2618 3958 2690 4019 in
2732 3958 2831 4020 the

599 4040 764 4120 park
792 4042 862 4120 of
901 4041 1171 4103 Golwall.

524 4168 690 4229 Item
746 4169 964 4231 dicunt
1009 4169 1159 4231 dicti
1203 4170 1397 4249 jurati
1443 4170 1522 4231 de
1573 4190 1764 4249 parco
1806 4170 1886 4232 de
1928 4168 2259 4232 Golewelle
2300 4168 2466 4249 quod
2510 4169 2829 4231 Henricus

361 4274 577 4347 Bar-et,
612 4274 818 4336 David
858 4275 936 4337 ds
979 4277 1198 4356 Treye,
1230 4276 1558 4356 Philippus
1585 4276 1625 4337 J
1630 4275 1873 4349 urbain,
1906 4275 2261 4337 willelmus
2302 4274 2469 4335 filius
2510 4275 2550 4335 J
2554 4274 2826 4335 ohannis

361 4377 442 4441 de
485 4380 918 4459 Messyntone‚
963 4381 1292 4461 Philippus
1336 4382 1413 4443 ds
1455 4382 1870 4453 Messintone,
1914 4380 2270 4440 Willelmus
2315 4379 2481 4440 filius
2528 4378 2830 4439 Willelmi

363 4486 726 4558 Camerarii,
785 4486 1104 4550 Walterus
1164 4488 1332 4549 filius
1388 4488 1646 4549 Roberti
1701 4488 1781 4547 de
1829 4487 1892 4547 la
1932 4487 2143 4558 Putte,
2188 4494 2252 4546 et
2295 4484 2603 4545 Bicardus
2646 4484 2723 4545 de
2765 4485 2853 4567 la·

363 4592 579 4663 Hulle,
611 4592 690 4653 de
734 4591 1084 4666 Colewelle,
1117 4598 1416 4673 ceperunt
1458 4594 1734 4674 quinque
1776 4591 1996 4652 damos
2038 4594 2103 4651 et
2145 4588 2368 4651 damas
2410 4590 2475 4649 in
2515 4608 2705 4669 parco
2746 4588 2826 4651 de

366 4696 717 4759 Golewelle.

512 4832 657 4873 1-w.
686 4832 904 4875 Clemant
931 4833 974 4875 is
1009 4833 1204 4876 allowed
1239 4833 1374 4876 wood
1409 4832 1484 4875 for
1517 4832 1654 4880 firins
1693 4828 1905 4879 (suapte)
1942 4830 2037 4873 and
2070 4829 2245 4873 timber
2278 4829 2353 4872 for
2388 4830 2570 4889 regiain-‚s
2595 4828 2645 4871 of
2680 4831 2829 4871 house

357 4880 622 4979 ἕξιιιῶἱέῗιέξέ
639 4882 1206 4976 ἷτὲᾱΐὲῐηὲξῗϋςέενὸοέε),
1232 4885 1436 4927 without
1471 4884 1728 4926 detriment
1765 4879 2011 4927 (vastum)
2046 4884 2099 4922 to
2131 4882 2215 4922 the
2248 4892 2403 4927 conse,
2438 4880 2625 4927 subiect
2658 4883 2711 4922 to
2743 4880 2829 4922 the
