3459 5617
648 534 769 597 310
1312 536 1667 616 Reqistrmn
1724 537 1944 599 Thome
1997 538 2072 599 de
2129 538 2458 619 Cantilupo

812 788 1311 848 Sussnmcom.—

648 917 933 996 Rogerus
990 916 1068 977 de
1116 916 1589 996 Wilhenehope,
1640 916 1719 976 ad
1763 916 2018 977 titulum
2065 917 2446 997 patrimonii,
2495 938 2683 998 quem
2726 919 3013 983 exhibuit
3053 925 3119 983 et

1052 1022 1408 1102 resumpsit.

646 1130 689 1191 J
691 1130 972 1192 ohannes
1014 1129 1198 1199 Beas,
1241 1134 1313 1189 ut
1356 1148 1562 1208 supra.

650 1236 968 1297 Walterus
1010 1236 1086 1295 de
1132 1234 1478 1305 Snothulle,
1521 1238 1594 1294 ut
1635 1253 1843 1313 supra.

646 1340 954 1402 Ricardus
996 1342 1073 1401 de
1116 1340 1523 1410 Newenham,
1566 1344 1639 1400 ut
1681 1359 1888 1419 supra.

648 1446 841 1527 Hugo
896 1446 972 1507 de
1029 1445 1501 1525 Wydemerohs,
1558 1445 1639 1505 ad
1694 1444 1952 1505 titulum
2007 1445 2441 1518 sufficientem,
2497 1446 2844 1508 exhibitum
2901 1452 2968 1509 et
3021 1468 3115 1511 re-

1050 1556 1393 1631 sumptum.

648 1658 956 1719 Ricardus
997 1657 1074 1718 de
1120 1658 1306 1737 Sapy,
1350 1658 1426 1717 ad
1471 1656 1726 1718 titulum
1768 1657 2149 1737 patrimonii,
2192 1678 2380 1739 quem
2420 1659 2778 1739 resumpsit.

644 1764 959 1825 Bobertus
1018 1764 1151 1825 Ook
1205 1764 1283 1825 de
1340 1764 1729 1835 Herefordia',
1789 1765 1866 1825 ad
1935 1766 2475 1845 presentaoionem
2530 1765 2740 1827 fratris
2796 1766 2839 1827 J
2839 1767 3114 1831 ohannis

1048 1872 1236 1932 Roee.

646 1978 837 2057 Hugo
905 1978 982 2039 de
1052 1978 1115 2037 la
1181 1977 1399 2049 Barre,
1466 1976 1543 2037 ad
1614 1978 2155 2056 presentaoionem
2217 1977 2736 2056 parochianorum
2807 1978 3114 2040 Omnium

1052 2084 1450 2144 Sanctorum.

648 2190 978 2251 Hubertus
1033 2190 1110 2249 de
1165 2187 1527 2267 Westbury,
1579 2188 1661 2249 ad
1716 2189 2256 2267 presentacionem
2307 2188 2538 2249 Vioarii
2585 2188 2665 2248 de
2713 2188 2960 2260 eadem,
3005 2190 3116 2268 qui

1046 2295 1325 2373 portabit
1371 2294 1602 2355 bonum
1650 2294 1903 2354 titulum
1951 2294 2033 2354 ad
2077 2293 2430 2373 proximum
2476 2293 2957 2365 Consistorium,
3000 2314 3114 2374 per

1048 2405 1515 2461 sacramentum
1559 2399 1866 2460 bonorum
1906 2399 2262 2479 prestitum.

642 2508 957 2571 Bobertus
1010 2508 1090 2567 de
1144 2506 1430 2577 Erdesle,
1478 2505 1560 2566 ad
1616 2506 2158 2587 presentaoionem
2213 2505 2738 2585 parochianorum
2795 2505 3108 2585 ejusdem,

1047 2610 1129 2675 ad
1169 2611 1605 2673 celebrandam
1650 2612 1928 2673 missam.

646 2718 1019 2799 Badulphus
1076 2718 1153 2779 de
1198 2716 1631 2797 Wyggemore‚
1677 2717 1758 2777 ad
1811 2716 2352 2797 presentacionem
2409 2715 2670 2777 Abbatis
2726 2721 2792 2776 et
2847 2718 3110 2779 titulum

1049 2824 1413 2885 Conventus
1454 2822 1655 2883 Beate
1700 2822 1922 2883 Marie.

644 2932 967 2993 Walterus
1031 2930 1111 2990 de
1174 2927 1485 3007 Garbeye,
1558 2928 1635 2988 ad
1708 2926 2246 3009 presentaoionem
2311 2926 2692 3007 Preeeptorii
2761 2926 2840 2989 de
2913 2927 3108 3008 Uple·

1046 3036 1205 3096 dene
1248 3042 1312 3096 et
1354 3035 1607 3095 titulum
1652 3034 1917 3093 Domus.
2005 3049 2016 3057 ·

644 3142 963 3203 Henricus
1044 3141 1122 3201 de
1195 3140 1569 3211 Stikkeford,
1640 3160 1754 3219 per
1819 3139 2062 3199 litteras
2130 3138 2516 3199 dimissorias
2585 3138 2886 3219 Episcopi
2955 3140 3103 3201 Lin-

1043 3245 1397 3315 eolniensis,
1445 3245 1523 3304 ad
1564 3244 2104 3324 presentacionem
2149 3242 2448 3304 Willelmi
2490 3244 2568 3305 de
2614 3244 2984 3323 Steyntone.

640 3353 917 3415 Brianus
958 3352 1037 3413 de
1078 3350 1472 3422 Pedwardin,
1516 3370 1627 3430 per
1666 3350 1909 3413 litteras
1951 3350 2340 3412 dimissorias
2395 3350 2654 3411 Domini
2704 3350 3106 3413 Menevensis

1044 3458 1356 3517 admissus
1398 3466 1495 3517 est
1540 3458 1787 3517 Rector.

642 3564 968 3627 Johannes
1032 3564 1109 3624 de
1172 3562 1494 3634 Westone,
1561 3563 1641 3625 ad
1704 3562 1962 3624 titulum
2021 3562 2402 3642 patrimonii,
2467 3562 2818 3623 exhibitum
2875 3570 2940 3625 et
3007 3583 3098 3624 re-

1041 3674 1382 3751 sumptum.

638 3774 994 3835 Willelmus
1037 3773 1114 3834 de
1158 3773 1517 3853 Chandoys,
1562 3779 1632 3834 ut
1676 3792 1888 3853 supra.

640 3880 842 3941 Adam
886 3880 964 3939 de
1006 3878 1361 3958 Ledebury,
1404 3878 1486 3939 ad
1526 3879 2068 3957 presentaoionem
2111 3878 2398 3940 Rectoris
2443 3880 2522 3939 de
2567 3879 3014 3959 Wytebourne.

640 3986 866 4047 Frater
908 3985 1215 4046 Ricardus
1258 3985 1335 4045 de
1378 3983 1855 4057 Chadelintone,
1899 3984 2228 4056 heremita,
2271 4004 2382 4065 per
2421 3984 2670 4047 litteras
2711 3986 3094 4049 dimissorias

1040 4090 1337 4170 Episcopi
1382 4089 1882 4169 Lyncolniensis.

638 4198 869 4259 Frater·
904 4194 1275 4274 Radulphus
1315 4193 1393 4255 de
1439 4194 1809 4266 Stratiorde,
1855 4194 2110 4256 Ordinis
2151 4194 2338 4256 Beati
2379 4196 2734 4275 Augustini.

632 4304 855 4363 Frater
898 4301 1249 4363 willelmus
1289 4300 1369 4361 de
1414 4300 1911 4379 Hulhamptone.

632 4409 856 4473 Frater
896 4406 934 4471 J
938 4407 1221 4469 ohannes
1264 4406 1343 4467 de
1386 4406 1713 4485 Byseleye.

631 4492 856 4583 Frater
901 4514 1217 4575 Walterus
1258 4513 1337 4572 de
1382 4513 1734 4573 Lodelowe.

630 4619 855 4681 Frater
896 4617 1251 4679 Willelmus
1295 4616 1374 4678 de
1416 4616 1890 4677 Chadelintone.

632 4725 857 4789 Frater
900 4723 1271 4795 Alexander,
1318 4721 1629 4783 Lantonie
1672 4721 1899 4782 Prime.

630 4830 855 4891 Frater
897 4828 973 4889 de
1018 4828 1346 4907 Wyttone.

631 4938 853 4998 Frater
894 4914 1247 4995 Willelmus
1290 4934 1367 4993 de
1409 4933 1809 4995 Wavertone.
