3459 5617
137 1414 212 1457 Ful.
232 1414 290 1455 sb.

1178 456 1477 537 Episcopi
1529 456 2011 536 Hercfordensis.
2742 458 2821 519 23

360 679 586 759 aliquis
622 680 1050 759 predictorum
1091 681 1416 742 hominum
1456 686 1815 743 nostrorum
1858 684 1935 742 de
1981 680 2247 743 Selwike
2286 680 2598 742 redditum
2634 701 2820 743 sunm

359 803 480 845 non
539 785 886 847 reddiderit
942 786 1021 846 ad
1080 787 1414 847 terminum
1466 790 1800 860 statutum,
1843 787 2136 848 nolumus
2184 786 2353 866 quod
2396 787 2589 864 aliqui
2631 786 2818 847 vicini

361 890 476 963 sui,
525 892 858 953 occasione
912 892 1080 953 illius
1138 892 1543 964 detencionis,
1588 893 2085 955 occasionantur¹
2134 893 2232 953 vel
2276 893 2513 973 aliquid
2570 913 2682 972 pro
2744 912 2822 955 eo

361 998 684 1069 amittant,
731 1004 832 1058 set
887 998 990 1057 ille
1043 998 1149 1077 qui
1207 998 1296 1058 sic
1350 998 1666 1059 redditum
1716 1018 1903 1060 suum
1952 1000 2280 1060 retinuerit
2328 1000 2483 1061 illud
2526 1001 2819 1062 emendet

363 1103 524 1163 sicut
566 1103 744 1163 curia
777 1110 994 1164 nostra
1031 1103 1502 1183 adjudicaverit,
1538 1110 1601 1164 et
1642 1104 1696 1165 si
1738 1104 1992 1165 nativus
2034 1111 2248 1165 noster
2288 1104 2496 1178 fuerit,
2530 1106 2822 1167 volumus

361 1208 528 1288 qnod
574 1208 766 1269 vicini
814 1209 914 1269 sui
964 1208 1217 1288 capiant
1268 1218 1498 1270 terram
1557 1228 1737 1270 snam
1802 1214 1865 1269 et
1921 1214 2202 1283 teneant,
2263 1216 2327 1271 et
2382 1211 2529 1271 inde
2582 1211 2821 1273 faciant

360 1312 611 1373 firmam
653 1319 958 1374 nostram.
1045 1314 1483 1375 concessimus
1531 1314 1730 1375 eciam
1780 1314 1949 1393 quod
1988 1315 2249 1394 predicti
2290 1315 2577 1377 homines
2618 1319 2821 1380 nostri

361 1420 557 1499 quieti
615 1421 744 1479 sint
799 1420 877 1481 de
931 1420 1060 1480 Tac
1115 1425 1178 1483 et
1232 1419 1370 1480 T012
1415 1419 1578 1480 infra
1622 1420 1964 1497 predictam
2020 1420 2233 1481 villam
2284 1420 2361 1482 de
2412 1421 2695 1495 Selwike‚
2750 1429 2813 1487 et

361 1544 488 1585 non
547 1526 615 1585 in
675 1525 974 1587 nundinis
1033 1526 1269 1586 nostris
1330 1525 1431 1586 vel
1492 1530 1788 1585 mercat0.
1894 1524 2311 1586 concedimus
2373 1525 2572 1587 eciam
2635 1527 2821 1591 dictis

363 1631 724 1693 hominibus
767 1633 1000 1692 nostris
1039 1638 1244 1692 totum
1294 1636 1546 1712 pratum
1594 1629 1763 1709 quod
1809 1629 1930 1690 fuit
1970 1630 2290 1710 quondam
2337 1631 2592 1693 Roberti
2640 1632 2822 1695 Folet

358 1736 422 1796 in
467 1737 874 1817 Kyngesleya
915 1744 978 1797 et
1019 1737 1085 1796 in
1127 1736 1453 1814 Walneye,
1499 1735 1668 1796 unde
1709 1744 1839 1795 tres
1881 1756 2022 1796 acre
2078 1744 2141 1796 et
2190 1737 2449 1799 dimidia
2494 1737 2706 1817 jacent
2749 1741 2817 1802 in

363 1842 672 1919 Walneye
692 1863 709 1915 ;
782 1844 1124 1903 tenendum
1187 1849 1249 1902 et
1317 1841 1679 1902 habendum
1750 1842 1868 1902 sibi
1928 1848 1991 1901 et
2060 1844 2396 1904 heredibus
2456 1846 2588 1905 suis
2654 1848 2819 1908 sicut

363 1948 779 2027 prescriptum
831 1958 926 2009 est
975 1948 1055 2009 ad
1102 1948 1296 2009 vitam
1348 1956 1649 2020 nostram,
1703 1967 1817 2027 pro
1868 1948 2129 2026 triginta
2176 1949 2350 2010 libris
2388 1957 2453 2011 et
2503 1951 2818 2013 sexdecim

365 2054 638 2115 denariis
695 2055 1133 2133 sterlingorum
1189 2057 1536 2127 annuatim,
1601 2054 1784 2115 nobis
1840 2055 2156 2116 solvendis
2210 2056 2293 2117 ad
2347 2068 2618 2136 quatuor
2674 2078 2820 2120 con-

366 2170 580 2222 suetos
621 2163 924 2222 terminos
964 2180 1077 2240 per
1116 2160 1572 2239 Episcopatum
1621 2174 1908 2221 nostrum
1956 2162 2359 2225 constitutos,
2460 2164 2549 2225 Et
2591 2171 2662 2225 ut
2704 2164 2821 2226 hec

365 2266 686 2327 concessio
743 2273 886 2327 rata
947 2266 1028 2327 sit
1087 2272 1151 2325 et
1215 2266 1460 2327 sta-bilis
1520 2266 1602 2326 ad
1664 2275 1867 2326 totam
1931 2266 2129 2327 vitam
2192 2273 2497 2342 nostram,
2542 2271 2822 2349 presenti

364 2374 594 2451 scripto
635 2373 908 2451 sigillum
950 2378 1238 2433 nostrum
1283 2374 1513 2451 apponi
1552 2372 1817 2433 fecimus
1859 2372 1982 2432 hiis
2026 2373 2312 2435 testibus.

367 2554 489 2613 Oct.
534 2552 926 2631 25.—R0yaz
977 2551 1119 2611 writ
1177 2559 1235 2612 to
1293 2552 1389 2611 the
1446 2550 1684 2630 Sherzff
1717 2556 1781 2630 os
1837 2552 1933 2612 the
1994 2552 2230 2631 County
2286 2553 2357 2632 os
2404 2554 2706 2634 Hereford
2764 2563 2823 2617 to

603 2652 882 2694 summan
925 2632 1162 2693 Gilbert
1203 2632 1277 2693 de
1329 2632 1524 2699 Gla-re.
1573 2632 1734 2692 Earl
1780 2632 1849 2711 of
1894 2632 2257 2706 Gloucester,
2289 2636 2399 2714 sor
2440 2642 2701 2715 trespass
2743 2657 2825 2697 on

606 2714 706 2775 the
745 2714 1028 2793 Bishop’s
1075 2712 1269 2773 Chase
1309 2714 1380 2792 os
1421 2713 1675 2773 Colwall
1712 2713 1841 2773 and
1882 2714 2171 2775 Eastnor.

519 2845 757 2906 Bai-:va
826 2861 1083 2904 Rasum
1155 2844 1417 2905 Commi
1487 2843 1796 2904 Commu
1872 2844 2819 2923 Gnoucns'ram.—-Edwardus,

362 2951 474 3012 Dei
518 2952 734 3031 gracia
775 2951 908 3010 Rex
951 2950 1190 3029 Anglie,
1224 2950 1536 3010 Dominus
1578 2950 1925 3027 Hybernie,
1958 2956 2021 3010 et
2065 2950 2208 3010 Dux
2255 2952 2607 3031 Aquitanie,
2639 2954 2821 3016 Vice-

361 3058 574 3119 comiti
632 3057 1002 3118 Hereiordie
1051 3057 1340 3117 salutem.
1453 3055 1518 3116 Si
1567 3040 1865 3128 Thomas,
1911 3056 2264 3135 Episcopus
2314 3058 2818 3134 Herefordensis,

362 3164 576 3225 iecerit
632 3169 697 3224 te
753 3181 1042 3223 securum
1096 3162 1174 3221 de
1229 3162 1471 3222 clameo
1526 3180 1640 3221 suo
1695 3161 2149 3240 prosequendO,
2206 3167 2357 3222 tunc
2414 3182 2821 3228 summoneas

359 3290 467 3349 per
511 3271 712 3331 bonos
753 3268 1239 3330 summonitores
1290 3268 1643 3329 Gilbertum
1692 3268 1771 3328 de
1821 3268 2023 3341 Clare,
2069 3268 2377 3329 Comitem
2426 3269 2824 3333 Gloucestrie

361 3386 420 3437 et
465 3374 852 3447 Hertfordie,
896 3374 1060 3455 qnod
1114 3374 1196 3434 sit
1244 3393 1454 3434 coram
1504 3373 1686 3434 nobis
1736 3393 1775 3433 a
1816 3373 1917 3433 die
1969 3374 2183 3434 Sancti
2226 3374 2489 3435 Martini
2530 3375 2597 3435 in
2638 3378 2819 3457 quin·

360 3482 561 3543 decim
603 3482 759 3552 dies,
805 3480 1158 3560 ubicunque
1197 3486 1348 3540 tunc
1399 3480 1699 3541 fuerimus
1745 3480 1810 3540 in
1863 3480 2126 3559 Anglia3
2185 3486 2553 3543 ostensurus
2601 3502 2817 3563 qnare,

359 3606 500 3646 cum
539 3586 859 3665 predictus
896 3584 1250 3663 Episcopus
1286 3583 1517 3644 habere
1553 3583 1802 3655 debeat,
1840 3592 1903 3643 et
1941 3584 2411 3662 predecessores
2450 3586 2547 3647 sui
2584 3586 2819 3649 habere

359 3692 797 3753 consueverint
859 3691 1122 3751 liberam
1184 3690 1486 3751 Chaciam
1551 3689 1633 3751 ad
1694 3692 1861 3750 feras
1918 3695 1982 3749 et
2038 3689 2163 3750 alia
2226 3709 2348 3769 que
2409 3690 2493 3751 ad
2556 3691 2818 3754 liberam

359 3799 660 3862 Ghaciam
701 3798 1043 3877 pertinent,
1082 3797 1146 3857 in
1191 3796 1538 3869 dominicis,
1582 3796 1787 3867 terris,
1832 3803 1897 3857 et
1936 3796 2141 3857 boscis
2178 3796 2377 3876 ipsius
2414 3798 2712 3877 Episcopi
2751 3806 2817 3869 et

357 3905 686 3967 hominnm
737 3922 992 3965 suorum
1047 3902 1126 3964 de
1183 3902 1536 3964 Collewelle
1597 3911 1661 3963 et
1723 3904 2043 3964 Estnoure
2100 3922 2221 3981 que
2276 3902 2353 3964 de
2403 3903 2583 3964 nobis
2640 3912 2817 3967 tenet

355 4010 420 4070 in
467 4011 676 4088 capite
723 4009 789 4068 in
835 4008 1154 4069 Comitatu
1205 4006 1592 4078 Herefordie,
1643 4012 1945 4086 tanquam
1995 4007 2418 4085 pertinentem
2466 4008 2549 4067 ad
2597 4008 2817 4071 Eccle-

359 4116 516 4176 siam
577 4133 758 4175 suam
813 4113 1195 4192 predictam;
1255 4111 1572 4191 predictus
1637 4110 1863 4172 Comes
1910 4112 2262 4191 predictum
2310 4112 2701 4192 Episcopum
2748 4115 2817 4176 in

355 4222 654 4301 predictis
696 4220 878 4282 terris
919 4227 982 4281 et
1021 4219 1228 4281 boscis
1277 4219 1638 4298 hujusmodi
1689 4219 1990 4281 Ghaciam
2035 4219 2267 4280 habere
2316 4239 2442 4281 non
2485 4221 2814 4299 permittit,

359 4336 453 4389 set
509 4326 816 4388 Ghaciam
868 4325 1041 4385 illam
1091 4324 1208 4386 sibi
1265 4324 1688 4403 appropriavit
1744 4330 1809 4385 et
1863 4325 2126 4385 attraxit
2182 4324 2444 4385 Foreste
2500 4343 2611 4385 sue
2656 4326 2817 4387 Mal-

355 4433 589 4503 vernie,
635 4449 758 4512 que
805 4438 902 4491 est
957 4429 1023 4489 in
1073 4429 1391 4491 Comitatu
1435 4428 1771 4508 Wygornie
1790 4448 1807 4500 ;
1864 4430 1931 4488 in
1973 4430 2169 4489 nostri
2213 4438 2278 4489 et
2322 4430 2473 4490 dicti
2514 4430 2815 4510 Episcopi

356 4544 420 4599 et
475 4536 764 4597 Ecclesie
819 4554 930 4596 sue
984 4534 1262 4614 predicte
1316 4534 1729 4614 prejudicium
1787 4541 1851 4594 et
1910 4552 2035 4593 non
2091 4534 2405 4595 modicum
2456 4554 2815 4613 gravamen.

357 4645 443 4705 Et
497 4644 736 4705 habeas
789 4642 876 4703 ibi
930 4641 1489 4703 summonicionem
1531 4648 1595 4701 et
1637 4640 1757 4701 hoc
1799 4640 2005 4700 breve.
2113 4639 2301 4700 Teste
2357 4640 2597 4718 meipso
2645 4640 2815 4720 apud

357 4746 1017 4817 westmonasterium,
1075 4762 1200 4805 xxv
1257 4744 1357 4805 die
1413 4743 1722 4815 Octobris,
1784 4762 1951 4803 anno
2008 4742 2181 4821 regni
2239 4743 2438 4804 nostri
2494 4744 2708 4806 tercio.

479 4856 715 4900 l—Suffer
735 4856 949 4903 damage.

469 4910 652 4950 2-Tax
679 4907 773 4949 and
799 4907 898 4953 toll.
925 4917 980 4948 so
1006 4918 1068 4947 an
1095 4904 1271 4949 annual
1297 4906 1470 4951 charge
1495 4904 1588 4945 and
1615 4904 1733 4945 dues
1754 4904 1847 4950 pro
1873 4905 1991 4943 rata
2019 4914 2075 4943 as
2100 4901 2175 4944 for
2200 4904 2283 4944 the
2310 4914 2395 4945 use
2420 4902 2471 4944 of
2497 4916 2527 4945 a
2554 4903 2666 4945 mill.
