3459 5617
651 463 732 525 86
1298 462 1656 541 Reqistrum
1711 462 1933 524 Thome
1986 462 2060 524 de
2130 462 2461 543 Cantilupc

659 686 812 749 dicti
847 687 1147 748 Willelmi
1183 686 1558 748 instanciam
1594 687 1865 767 sigillum
1912 694 2193 749 nostrum
2238 688 2643 767 apposuimus
2683 687 2829 749 huic
2874 688 3115 768 scripto

649 795 718 855 in
753 794 1184 856 testimonium
1210 794 1515 856 veritatis.
1604 795 1840 855 Datum
1875 794 2041 875 apud
2075 796 2445 875 Bromyard,
2478 795 2539 873 xj
2579 794 2901 856 Kalendas
2934 796 3113 868 Julii,

652 920 822 962 anno
891 902 1149 961 Domini
1219 901 1681 964 M⁰CC⁰LXX⁰
1741 910 1940 964 sext0.
2055 899 2214 962 Cum
2281 902 2496 980 itaque
2564 920 2639 961 ex
2716 900 3117 979 inspeccione

651 1006 964 1067 dictarum
1006 1008 1360 1069 litterarum
1405 1008 1640 1089 liquido
1689 1007 1871 1069 nobis
1926 1013 2174 1069 constet
2227 1006 2507 1086 prefatos
2564 1007 2994 1068 Humbertum
3050 1012 3119 1068 et

653 1113 1042 1174 Willelmum
1085 1133 1154 1175 se
1195 1114 1582 1175 ordinacioni
1623 1118 1837 1175 nostre
1876 1114 1943 1173 in
1984 1132 2177 1173 causa
2216 1131 2330 1173 seu
2376 1112 2706 1192 questione
2746 1131 2935 1191 super
2976 1132 3114 1192 pre-

655 1219 861 1281 benda
916 1219 994 1281 de
1049 1219 1405 1300 Ynteberge
1460 1221 1525 1281 in
1581 1220 1870 1282 Ecclesia
1926 1219 2375 1280 Herefordensi
2422 1220 2705 1281 totaliter
2746 1220 3113 1299 subjecisse,

653 1332 1072 1387 memoratum
1137 1326 1564 1387 Humbertum
1633 1346 1745 1405 per
1818 1326 2159 1387 Girardum
2214 1326 2293 1387 de
2348 1324 2571 1404 Ogina,
2642 1344 2981 1405 personam
3035 1326 3117 1388 de

655 1430 1009 1499 Golewalle,
1083 1430 1562 1491 Procuratorem
1646 1448 1831 1491 suum
1901 1429 2203 1509 legittime
2286 1430 2704 1491 constitutum
2779 1450 2891 1510 per
2962 1450 3115 1493 suas

653 1542 948 1616 patentes
990 1536 1235 1597 litteras
1282 1535 1464 1597 nobis
1505 1535 1837 1609 exhibitae,
1882 1555 2147 1617 quarum
2191 1541 2373 1597 tenor
2413 1536 2561 1597 talis
2602 1542 2699 1597 est
2717 1536 3117 1599 —Universis

653 1647 978 1721 presentes
1013 1642 1255 1703 litteras
1282 1642 1510 1702 visuris
1537 1642 1640 1703 vel
1682 1642 1991 1702 audituris
2034 1641 2427 1703 Humbertus
2468 1642 2546 1703 de
2575 1642 2821 1715 Yanua,
2852 1643 3118 1705 ecclesie

653 1768 815 1809 nove
855 1748 1055 1808 Beate
1098 1747 1399 1808 Katerine
1441 1746 1518 1809 de
1561 1748 1743 1827 Aqua
1782 1747 1964 1808 Bella
2008 1747 2261 1817 Cantor,
2308 1748 2597 1819 salutem,
2636 1753 2756 1808 etc.
2842 1747 3007 1809 Cum
3050 1748 3117 1809 in

653 1873 848 1915 causa
917 1872 1030 1915 seu
1097 1854 1425 1933 questione
1493 1872 1614 1933 que
1674 1852 1942 1914 vertitur
2006 1853 2074 1911 in
2142 1852 2331 1915 Curia
2401 1853 2706 1923 Romana,
2764 1858 2909 1922 etc..
2968 1872 3115 1933 sup-

653 1962 968 2041 posuerim
1013 1980 1113 2020 me
1153 1960 1436 2020 totaliter
1475 1959 1861 2019 ordinacioni
1902 1960 2249 2021 Reverendi
2293 1958 2523 2030 Patris,
2554 1959 2812 2019 Domini
2848 1958 3115 2031 Thome,

652 2065 774 2127 Dei
817 2065 1028 2145 gracia
1068 2066 1366 2144 Episcopi
1405 2064 1906 2135 Herefordensis‚
1947 2071 2009 2126 et
2046 2064 2211 2125 idem
2250 2064 2655 2125 Reverendus
2690 2064 2885 2125 Pater
2922 2066 3119 2126 michi

653 2172 818 2233 diem
864 2170 1276 2249 assignaverit
1325 2170 1492 2249 apud
1529 2169 1931 2247 Prestebury,
1977 2169 2078 2230 die
2126 2170 2461 2229 Dominica
2508 2175 2653 2230 ante
2696 2169 3116 2232 Nativitatem

655 2277 844 2338 Beati
912 2275 1225 2337 Johannis
1293 2275 1586 2354 Baptiste
1647 2274 1932 2353 proximo
1993 2280 2343 2347 venturam,
2408 2275 2490 2335 ad
2558 2275 2981 2335 ordinandum
3036 2276 3119 2337 de

654 2382 1015 2464 premissis;
1075 2390 1140 2443 et
1182 2381 1350 2442 dicte
1391 2382 1514 2442 diei
1555 2382 1859 2442 interesse
1902 2401 2028 2442 non
2066 2382 2326 2453 valeam,
2366 2380 2557 2441 variis
2590 2381 3117 2461 occupacionibus

656 2490 1019 2569 impedituS‚
1066 2489 1404 2549 discretum
1443 2488 1644 2549 virum
1675 2488 2047 2550 Gererdum¹
2078 2488 2156 2547 de
2198 2487 2421 2567 Ogina,
2452 2506 2783 2567 personam
2814 2487 2894 2547 de
2938 2488 3117 2550 Cole-

653 2596 850 2667 welle,
925 2595 1407 2657 Herefordensis
1475 2594 1762 2665 diocesis,
1832 2613 2044 2654 meum
2114 2594 2449 2664 constitu0,
2513 2592 2693 2665 facio,
2760 2599 2824 2654 et
2894 2594 3118 2655 ordino

657 2702 1153 2773 Procuratorem,
1185 2701 1344 2761 dans
1373 2700 1574 2761 eidem
1611 2700 1866 2779 plenam
1904 2706 1969 2760 et
2010 2700 2265 2761 liberam
2296 2704 2680 2778 potestatem
2720 2700 3119 2778 supponendi

655 2827 724 2869 se
779 2806 1032 2867 nomine
1089 2825 1249 2877 meO,
1294 2812 1356 2867 et
1410 2826 1513 2866 me
1565 2825 1676 2885 per
1729 2806 1958 2885 ipsum,
2004 2806 2386 2867 ordinacioni
2442 2806 2706 2885 predicti
2764 2807 3117 2869 Reverendi

655 2913 883 2984 Patris,
958 2912 1214 2973 Domini
1282 2912 1541 2983 Thome,
1621 2912 1743 2972 Dei
1810 2912 2019 2990 gracia
2089 2910 2571 2972 Herefordensis
2648 2912 2971 2991 Episcopi,
3048 2920 3117 2975 et

657 3017 910 3098 jurandi
970 3017 1036 3077 in
1097 3017 1374 3077 animam
1438 3036 1664 3088 meam,
1709 3024 1775 3076 et
1831 3016 2125 3077 audiendi
2180 3016 2647 3076 ordinacionem
2702 3036 2893 3097 quam
2946 3019 3113 3079 idem

660 3123 1067 3185 Reverendus
1125 3125 1317 3184 Pater
1373 3122 1438 3183 in
1500 3123 1823 3202 premissis
1873 3122 2119 3183 duxerit
2166 3121 2541 3192 faciendam,
2594 3129 2658 3183 et
2716 3123 2932 3183 omnia
2988 3124 3118 3185 alia

657 3229 931 3291 faciendi
999 3249 1122 3310 que
1190 3246 1306 3307 ego
1374 3228 1664 3299 facerem,
1736 3229 1836 3289 vel
1904 3228 2108 3289 iacere
2175 3246 2450 3307 possem,
2522 3228 2576 3288 si
2643 3229 3117 3306 presencialiter

657 3355 918 3418 presens
975 3354 1219 3407 essem;
1286 3341 1492 3395 ratum
1557 3343 1620 3394 et
1683 3344 1931 3413 gratum
1990 3333 2340 3405 habiturus,
2405 3341 2525 3395 etc.
2632 3333 2712 3392 In
2780 3334 2965 3412 cujus
3022 3334 3117 3394 rei

656 3441 1088 3504 testimonium
1139 3441 1409 3520 sigillum
1461 3440 1807 3502 Reverendi
1859 3440 2116 3500 Domini
2157 3439 2425 3511 Girardi,
2470 3438 2591 3499 Dei
2633 3439 2845 3517 gracia
2886 3438 3115 3501 Virdu·

653 3549 868 3609 nensis
925 3548 1242 3628 Episcopi,
1297 3567 1425 3608 una
1479 3567 1624 3607 cum
1687 3546 1890 3625 sigillo
1953 3564 2094 3605 meo
2155 3544 2551 3624 presentibus
2612 3543 2841 3605 litteris
2897 3545 3116 3623 rogavi

649 3655 898 3735 apponi.
1007 3654 1142 3714 Nos
1211 3673 1378 3725 ver0,
1421 3652 1739 3731 predictus
1796 3652 2208 3713 Virdunensis
2263 3650 2633 3730 Episcopus,
2686 3650 2766 3709 ad
2818 3655 3116 3728 rogatum

653 3760 807 3821 dicti
867 3760 1226 3831 Humberti,
1286 3759 1557 3837 sigillum
1617 3766 1925 3829 nostrum,
1978 3777 2103 3817 una
2160 3776 2305 3817 cum
2367 3756 2569 3834 sigillo
2626 3756 2930 3834 ejusdem,
2974 3775 3115 3835 pre-

653 3866 936 3927 sentibus
1004 3865 1231 3926 litteris
1301 3864 1594 3925 duximus
1665 3864 2103 3943 apponendum
2173 3863 2238 3922 in
2308 3862 2739 3923 testimonium
2801 3861 3112 3923 veritatiS.

653 3972 895 4033 Datum
940 3972 1088 4032 xviii
1133 3970 1454 4031 Kalendas
1495 3970 1668 4042 Julii,
1711 3989 1879 4030 anno
1928 3970 2185 4030 Domini
2227 3968 2690 4032 M⁰CC⁰LXX⁰
2722 3974 2918 4029 sext0.
3022 3969 3115 4029 Et

647 4077 928 4157 predicto
983 4076 1302 4137 Willelmo
1343 4076 1755 4153 personaliter
1809 4076 1972 4155 apud
2029 4075 2379 4155 Bromyard
2432 4080 2834 4155 comparente
2896 4093 3115 4135 coram

650 4182 852 4255 nobis,
912 4182 1300 4262 prestitoque
1364 4201 1403 4242 a
1459 4180 1748 4261 partibus
1808 4182 1886 4242 de
1948 4182 2347 4242 ordinacione
2407 4187 2627 4242 nostra
2689 4182 2755 4241 in
2816 4180 3115 4241 omnibus

652 4289 1044 4349 observanda
1098 4288 1177 4348 ad
1237 4288 1469 4349 Sancta
1529 4288 1650 4348 Dei
1720 4288 2067 4367 Evangelia
2128 4290 2532 4368 corporaliter
2591 4288 2973 4366 juramentO,
3036 4308 3114 4348 ac

648 4394 962 4456 instanter
1000 4394 1360 4473 petentibus
1401 4400 1470 4455 ut
1515 4396 1598 4456 ad
1637 4394 2099 4456 ordinacionem
2142 4395 2493 4457 faciendam
2536 4413 2723 4473 super
2764 4412 2959 4455 causa
2997 4412 3117 4455 seu

651 4501 979 4582 questione
1027 4500 1312 4581 predicta
1368 4502 1702 4581 procedere
1760 4520 2121 4562 curaremus
2141 4524 2159 4576 3
2223 4520 2359 4573 nos,
2404 4500 2814 4562 consideratis
2857 4504 2921 4560 et
2954 4519 3114 4579 pon-

653 4606 890 4667 deratis
947 4605 1238 4667 omnibus
1293 4606 1794 4667 circumstanciis
1849 4607 2193 4685 predictam
2243 4607 2635 4687 questionem
2690 4604 3115 4685 contingenti-

650 4712 768 4773 bus
851 4711 1286 4791 undecunque,
1356 4712 1476 4791 ipsi
1560 4712 1873 4791 questioni
1954 4712 2145 4773 finem
2225 4712 2544 4791 imponere
2612 4712 2959 4791 cupientes,
3030 4710 3115 4771 ad

773 4847 942 4888 l-The
981 4846 1192 4894 spelling.
1239 4846 1276 4887 it
1317 4847 1413 4889 will
1453 4845 1509 4889 be
1548 4846 1704 4894 noted,
1750 4846 1792 4889 is
1826 4848 2091 4890 somewhat
2130 4847 2393 4895 capricious
2436 4848 2561 4895 here,
2606 4858 2661 4889 as
2704 4846 2752 4888 ln
2796 4848 2880 4889 the
2918 4858 3029 4889 case
3066 4845 3123 4889 off

647 4895 914 4943 Colewelle.
936 4896 1200 4944 parochia.
1229 4896 1322 4938 and
1347 4898 1486 4939 other
1517 4898 1690 4939 words.
