3459 5617
1136 506 1438 586 Episcopi
1491 505 1973 586 Heresordensia
2704 510 2786 571 89

331 730 604 811 proximo
645 731 1034 809 preteritum,
1078 731 1214 792 sine
1255 731 1533 792 ulteriori
1583 732 1889 793 dilacione
1942 732 2396 811 injunxerimus
2442 733 2783 813 adimplen-

333 836 510 905 dum;
575 856 690 896 vos
751 840 966 896 tamen
1028 836 1255 914 spretis
1317 841 1382 897 et
1445 837 1825 916 contemptis
1880 837 2195 899 mandatis
2254 839 2487 899 nostris
2551 840 2786 899 dictam

332 947 570 1020 portam
614 961 921 1013 amovere,
952 962 1078 1003 non
1120 942 1256 1003 sine
1297 948 1449 1003 nota
1491 942 1903 1022 multiplicate
1947 943 2391 1015 inobediencie,
2424 945 2786 1024 neglexistis

331 1048 393 1107 in
447 1048 654 1107 nostri
715 1054 1148 1128 contemptum
1211 1054 1275 1109 et
1337 1048 1617 1128 ipsorum
1673 1050 2195 1127 parochianorum
2244 1051 2657 1130 prejudicium
2719 1056 2785 1112 et

329 1172 444 1214 non
517 1153 838 1213 modicum
904 1171 1257 1233 gravamen.
1369 1154 1674 1228 Quocirca
1741 1154 1918 1216 vobis
1987 1157 2378 1227 mandamus
2438 1156 2554 1218 sub
2622 1177 2787 1236 pena

330 1258 544 1338 viginti
599 1258 917 1330 librarum,
959 1259 1405 1321 nichilominus
1463 1261 1750 1321 striccius
1806 1261 2205 1341 injungentes
2268 1262 2565 1342 quatinus
2622 1262 2785 1323 infra

331 1364 682 1444 quindecim
752 1365 886 1426 dies
953 1386 990 1426 a
1053 1370 1336 1446 tempore
1397 1367 1781 1446 recepcionis
1842 1368 2066 1427 harum
2128 1372 2375 1447 portam
2438 1368 2784 1448 predictam

335 1488 616 1530 amovere
673 1468 934 1541 faciatis
977 1475 1049 1531 ut
1098 1470 1188 1530 ita
1235 1471 1662 1551 parrochianis
1711 1476 1776 1532 et
1826 1472 1963 1533 aliis
2021 1472 2259 1553 ingredi
2300 1472 2654 1534 volentibus
2704 1474 2784 1533 ad

331 1575 654 1635 ecclesiam
705 1575 840 1636 sine
895 1576 1093 1655 ipsius
1149 1582 1328 1656 porte
1383 1576 1833 1657 impedimento
1888 1578 2044 1639 liber
2097 1584 2311 1658 pateat
2359 1599 2649 1640 accessus
2690 1580 2783 1638 in-

330 1680 626 1741 futurum.
720 1681 844 1742 Pro
892 1681 1324 1761 multiplicatis
1364 1703 1512 1744 vero
1560 1684 1956 1744 contumacia
1995 1690 2205 1745 vestra
2245 1689 2310 1745 et
2357 1684 2787 1745 inobediencia

335 1786 568 1846 tociens
631 1786 970 1847 contractis
1037 1806 1233 1865 penas
1303 1787 1562 1859 debitas,
1619 1793 1807 1867 prout
1875 1787 2057 1849 nobis
2111 1788 2421 1849 videbitur
2476 1789 2783 1869 expedire,

337 1890 496 1951 sicut
550 1890 724 1970 prius
779 1889 957 1952 vobis
1011 1891 1467 1953 reservavimus
1522 1892 1910 1973 infligendas.
2010 1894 2249 1954 Datum
2306 1895 2472 1974 apud
2522 1896 2781 1974 Wythe-

331 1996 542 2065 burne,
587 1995 806 2057 Idibus
856 1996 1138 2076 Augusti.

333 2324 488 2401 Aug.
559 2328 657 2393 15,
713 2325 1290 2403 1276.—Mortqaqe
1357 2326 1428 2404 os
1491 2326 1668 2385 lands
1738 2333 1805 2385 at
1876 2326 2360 2405 Sevenhampton
2428 2326 2502 2405 by
2572 2326 2787 2406 Ralph

578 2404 842 2465 Musard
898 2405 972 2464 de
1032 2406 1258 2466 Frcsne
1322 2413 1379 2466 to
1443 2406 1540 2466 the
1598 2406 1836 2485 Bishop
1884 2407 2187 2498 for-four
2234 2426 2428 2485 yearS,
2468 2408 2575 2485 for
2610 2408 2785 2485 forty

577 2484 882 2563 skillinqs,
926 2506 968 2546 a
1017 2486 1196 2546 house
1237 2487 1362 2546 and
1402 2487 1631 2565 qarden
1671 2486 1797 2546 and
1838 2507 2079 2566 coppzce
2118 2487 2271 2547 with
2311 2488 2547 2547 certain
2584 2488 2784 2565 riqhts

576 2567 646 2645 of
683 2586 818 2643 way
869 2566 1043 2643 being]
1091 2567 1378 2627 reserved.
1483 2566 1607 2627 The
1655 2566 1893 2647 Bishop
1932 2568 2066 2628 will
2112 2569 2289 2628 allow
2334 2576 2391 2629 to
2432 2568 2645 2647 Ralph
2687 2570 2787 2629 the

578 2646 914 2724 thirty-two
969 2646 1255 2725 shillinys
1311 2647 1428 2707 due
1475 2668 1544 2708 as
1594 2648 1834 2708 annual
1885 2656 2019 2709 rent
2070 2656 2127 2710 to
2179 2648 2439 2729 himself,
2489 2650 2615 2709 and
2672 2656 2787 2711 two

573 2727 862 2805 shillinqs
905 2727 1032 2787 and
1061 2728 1392 2807 scurpence
1430 2728 1641 2806 yearly
1683 2728 1756 2788 in
1796 2729 2099 2790 addition.

487 2908 840 2969 Rmumus
891 2908 1168 2969 MusAm·
1218 2926 1306 2967 Dm
1355 2909 2035 2971 Parammon—Hoc
2084 2916 2182 2972 est
2230 2913 2570 2975 convencio
2618 2912 2784 2974 facta

331 3015 491 3075 inter
531 3015 966 3077 venerabilem
1022 3016 1295 3087 Patrem,
1340 3016 1682 3076 Dominum
1740 3016 2065 3088 Thomam,
2109 3022 2247 3089 etc„
2293 3038 2367 3079 ex
2415 3025 2595 3098 parte
2636 3040 2779 3091 una,

329 3125 392 3179 et
445 3120 784 3180 Radulfum
834 3120 1097 3180 Musard
1150 3121 1227 3180 de
1283 3120 1604 3192 Fraxinea‚
1649 3142 1723 3183 ex
1779 3122 1993 3193 altera,
2036 3122 2326 3184 videlicet
2368 3124 2530 3203 quod
2577 3125 2784 3185 dictus

329 3224 632 3286 Badulfus
675 3224 932 3285 tradidit
973 3231 1038 3286 et
1079 3225 1376 3305 obligavit
1417 3225 1584 3287 dicto
1633 3228 1907 3289 Domino
1958 3228 2292 3308 Episcop0,
2337 3236 2401 3290 et
2449 3230 2783 3291 heredibus

329 3332 456 3392 suis
497 3332 594 3392 vel
651 3331 1002 3411 assignatis,
1048 3336 1248 3391 totam
1305 3336 1535 3392 terram
1592 3351 1771 3392 suam
1827 3353 2017 3413 quam
2067 3333 2353 3405 habebat,
2405 3335 2503 3396 vel
2553 3335 2783 3396 habere

331 3437 606 3509 debebat,
649 3438 716 3497 in
759 3438 1054 3517 parochia
1096 3439 1172 3498 de
1225 3437 1789 3518 Sevenhamptone,
1832 3460 1976 3499 cum
2020 3440 2311 3502 omnibus
2353 3442 2777 3521 pertinenciiS,

329 3544 538 3621 pratis,
581 3544 850 3621 pascuis,
895 3544 1186 3622 pasturiS,
1231 3544 1608 3615 nemoribus,
1659 3544 1855 3623 aquis,
1898 3545 2016 3605 viis
2072 3552 2135 3607 et
2192 3547 2451 3619 semitis,
2496 3569 2533 3607 a
2588 3549 2781 3610 Festo

329 3646 797 3727 Assumpcionis
843 3648 1070 3708 Sancte
1112 3647 1332 3719 Marie,
1376 3668 1540 3708 anno
1582 3649 1842 3709 Domini
1884 3650 2318 3712 M0GG0LXX0
2358 3660 2551 3725 sext0,
2581 3675 2781 3734 usque

331 3753 406 3812 ad
447 3754 785 3814 terminum
827 3758 1096 3832 quatuor
1143 3773 1449 3813 annorum
1507 3755 1803 3816 continue
1852 3758 2255 3836 sequencium
2306 3760 2776 3839 completorum.

327 3858 608 3919 Retinuit
651 3879 799 3920 vero
841 3859 1046 3919 dictus
1087 3858 1393 3921 Radulfus
1435 3861 1514 3921 ad
1556 3880 1714 3940 opus
1758 3881 1942 3921 suum
1986 3863 2203 3924 domos
2246 3883 2393 3925 suas
2435 3885 2578 3925 cum
2621 3872 2777 3937 orte,

328 3970 390 4025 et
441 3985 634 4025 unam
691 3964 980 4025 semitam
1037 3965 1224 4025 eundi
1281 3966 1359 4025 ad
1415 3965 1654 4027 fontem
1711 3987 1896 4027 suum
1953 3969 2031 4027 ad
2086 3968 2494 4031 hauriendam
2550 3991 2779 4051 aquam

327 4089 518 4141 suam,
549 4075 615 4131 et
656 4075 979 4149 pasturam
1013 4069 1112 4130 vie
1153 4089 1274 4149 que
1316 4071 1488 4131 ducit
1523 4092 1741 4132 versus
1783 4073 2113 4133 ecclesiam
2152 4079 2216 4134 et
2249 4095 2465 4136 versus
2506 4076 2777 4156 regalem

327 4175 486 4235 viam
543 4196 580 4235 a
623 4176 809 4235 domo
864 4194 995 4235 sua.
1097 4176 1332 4235 Tamen
1381 4176 1592 4237 licebit
1639 4177 1798 4238 bene
1848 4178 2121 4239 Domino
2178 4180 2493 4259 Episcopo
2536 4182 2624 4242 ire
2665 4203 2781 4262 per

328 4282 583 4342 eandem
653 4280 820 4341 viam
898 4301 1041 4340 cum
1117 4281 1431 4360 plaustris,
1504 4284 1765 4344 carectis
1834 4290 1898 4345 et
1967 4284 2208 4355 averiis,
2280 4288 2779 4367 quandocunque

329 4408 578 4449 necesse
634 4387 906 4448 habebit.
1011 4376 1298 4449 Retinuit
1359 4410 1506 4450 vero
1568 4390 1685 4451 sibi
1749 4392 1954 4452 dictus
2019 4392 2325 4453 Radulfus
2382 4393 2663 4454 boscum²
2711 4395 2778 4453 in

327 4512 575 4554 nemore
631 4512 746 4553 suo
803 4493 882 4552 ad
938 4512 1096 4571 opus
1153 4512 1354 4564 suum,
1399 4494 1488 4554 ita
1544 4500 1756 4555 tamen
1814 4497 1977 4576 quod
2034 4517 2161 4558 non
2210 4498 2411 4576 possit
2468 4498 2651 4558 alicui
2700 4500 2781 4560 de

329 4599 490 4659 dicto
544 4599 734 4660 bosco
788 4599 1074 4669 vendere,
1119 4599 1282 4670 dare,
1332 4600 1431 4661 vel
1487 4600 1834 4664 irradicare.
1940 4603 2237 4664 Promisit
2299 4608 2509 4664 autem
2573 4606 2780 4667 dictus

331 4703 632 4765 Badulfus
701 4722 814 4783 per
880 4708 1342 4763 sacramentum
1412 4725 1597 4765 suum
1665 4728 1779 4787 pro
1849 4728 1917 4769 se
1986 4712 2050 4769 et
2104 4707 2437 4769 heredibus
2493 4710 2623 4770 suis
2679 4710 2778 4771 vel

333 4808 684 4889 assignatis*
715 4808 884 4869 dicto
926 4808 1200 4869 Domino
1249 4808 1583 4889 Episcopo,
1626 4818 1690 4872 et
1738 4813 2070 4874 heredibus
2113 4814 2244 4874 suis
2286 4814 2384 4875 vel
2426 4815 2779 4895 assignatiS,

644 4946 776 4985 1—111
801 4944 904 4986 MS.
932 4942 1147 4987 boscum.
1836 4949 1968 4989 2-1n
1996 4949 2098 4991 MS.
2123 4947 2457 4996 assingnatis.
