3459 5617
1176 517 1476 597 Episcopi
1528 514 2010 596 Herefordcnsis.
2704 514 2824 575 263

346 742 559 803 dietus
607 742 650 802 J
662 741 997 823 [ohannes]
1051 760 1351 820 apparere
1406 743 1633 820 poterit
1682 740 1993 811 intuenti;
2057 740 2154 799 cui
2208 738 2598 819 injunximus
2654 738 2822 817 quod

344 856 720 927 compotum
760 847 1164 909 Somersethe
1198 854 1263 907 et
1295 846 1372 907 de
1407 846 1631 924 Arleye
1666 846 1884 905 audiat
1927 844 2320 905 solummodo
2353 863 2495 903 cum
2532 842 2821 915 Girard0,

344 955 685 1019 credentes
728 954 897 1035 quod
938 972 1052 1015 vos
1101 954 1555 1033 Episcopatum
1600 971 1726 1012 non
1774 952 2060 1030 poteritis
2112 951 2282 1011 exire
2325 958 2477 1010 tunc
2518 950 2824 1027 temporis

342 1068 611 1141 propter
651 1069 936 1122 vestrum
980 1060 1309 1121 circuitum
1366 1060 1583 1119 statim
1624 1068 1770 1137 post
1829 1057 2223 1118 audicionem
2273 1056 2546 1135 compoti
2587 1055 2820 1116 facien-

346 1168 547 1241 dum;
624 1167 874 1247 prefato
912 1167 1100 1247 igitur
1149 1166 1189 1227 J
1210 1165 1489 1244 [ohanni]
1542 1164 1605 1224 in
1650 1164 1774 1225 hiis
1816 1183 1938 1243 que
1979 1163 2203 1224 dixerit
2249 1182 2324 1223 ex
2374 1170 2554 1241 parte
2597 1168 2818 1223 nostra

343 1280 482 1337 tam
534 1279 901 1354 compotum
945 1272 1354 1351 tangentibus
1402 1291 1592 1352 quam
1635 1272 1761 1332 alia
1803 1270 2092 1331 credatis.
2177 1269 2480 1331 Valeatis.
2571 1269 2816 1329 Datum

346 1387 427 1443 ut
469 1400 685 1459 supra.

344 1634 771 1697 Imtructions
816 1640 875 1695 to
920 1633 1161 1695 Gerard
1204 1640 1263 1695 to
1304 1632 1493 1694 assist
1535 1632 1700 1693 John
1740 1633 1814 1693 de
1859 1632 2055 1694 Chre.

520 1788 1177 1851 G1mmn0.—-Eadem
1247 1787 1379 1848 vice
1449 1786 1697 1864 scripsit
1769 1787 2036 1847 Gir-ardo
2105 1787 2271 1867 quod
2340 1788 2380 1849 J
2401 1788 2684 1866 [ohanni]
2743 1788 2826 1850 de

348 1896 541 1957 Clare
590 1894 917 1955 assisteret
964 1893 1030 1953 in
1080 1898 1373 1971 compoto
1414 1892 1744 1961 audiend0‚
1795 1900 1860 1953 et
1911 1892 2029 1952 sibi
2078 1892 2359 1953 erederet
2408 1893 2474 1953 in
2525 1893 2648 1953 hiis
2696 1912 2820 1973 que

348 2001 476 2062 sibi
519 2020 597 2061 ex
640 2004 821 2079 parte
863 2020 980 2060 sua
1020 1999 1255 2059 diceret
1298 1998 1553 2059 oraculo
1596 1997 1732 2058 vive
1773 1996 1965 2057 vocis.

346 2292 567 2353 Letter
618 2297 676 2351 to
722 2289 822 2350 the
871 2288 1051 2349 Dcan
1096 2287 1168 2367 of
1206 2288 1297 2348 St.
1347 2287 1561 2347 Paul’s
1610 2286 1832 2365 askinq
1883 2287 2018 2347 that
2062 2288 2230 2348 John
2276 2288 2350 2349 dc
2403 2289 2582 2349 Clare
2621 2288 2821 2368 miqht

607 2370 758 2431 have
785 2370 921 2450 free
962 2388 1159 2429 acces-3
1206 2376 1264 2429 to
1305 2368 1649 2428 documentis
1690 2367 2002 2447 deposited
2044 2368 2222 2430 there.

520 2526 661 2586 Pno
728 2542 1068 2585 nsPosrms
1152 2542 1221 2583 IN
1305 2524 1630 2583 Eocnnsm
1718 2523 2582 2586 Lonn0N1nNs1.—Similiter
2665 2531 2822 2589 tuno

350 2632 677 2694 Dominus
720 2630 972 2709 scripsit
1022 2631 1283 2689 Decano
1334 2629 1547 2690 Sancti
1596 2629 1780 2689 Pauli
1830 2631 2296 2690 Londoniarum
2340 2630 2418 2691 de
2469 2639 2644 2693 statu
2701 2651 2828 2713 quo

350 2758 477 2819 que
512 2736 734 2807 voluit,
768 2744 833 2797 et
874 2755 987 2815 per
1028 2735 1291 2795 eandem
1336 2735 1709 2815 scripturam
1752 2736 1957 2815 ipsum
2003 2737 2331 2797 Decanum
2373 2739 2614 2816 rogavit
2656 2739 2826 2819 quod

352 2842 491 2922 ipse
535 2851 601 2903 et
645 2842 743 2902 sui
788 2842 825 2903 J
829 2842 1142 2901 ohannem
1190 2841 1267 2900 de
1311 2841 1487 2902 Clare
1527 2843 1964 2920 permitterent
2007 2843 2197 2903 libere
2233 2843 2475 2922 ingredi
2512 2852 2574 2905 et
2614 2846 2822 2924 egredi

354 2949 717 3009 Ecclesiam
759 2948 913 3008 dicti
956 2947 1075 3007 loci
1116 2966 1230 3025 pro
1273 2946 1457 3007 rebus
1503 2947 1761 3006 Domini
1817 2948 2224 3025 deponendis,
2284 2956 2348 3009 et
2404 2949 2482 3010 de
2537 2950 2823 3030 deposito

354 3052 724 3133 hujusmodi
768 3052 1159 3113 extrahendo
1201 3052 1496 3131 quociens
1537 3053 1685 3112 illuc
1730 3053 1966 3113 veniret
2009 3053 2089 3112 ob
2130 3053 2395 3114 eandem
2440 3075 2724 3117 causam.

355 3336 513 3416 July
558 3339 615 3407 6,
657 3333 1131 3412 1281.—R0yal
1186 3334 1357 3395 letter
1406 3332 1680 3410 desirinq
1737 3333 1872 3393 that
1928 3333 2026 3395 the
2073 3334 2360 3415 Bishop’s
2411 3336 2650 3414 Official
2687 3337 2824 3400 will

602 3423 709 3477 not
764 3414 1048 3476 continue
1104 3422 1163 3476 to
1210 3415 1419 3475 wwlcst
1459 3434 1500 3474 a
1537 3414 1719 3475 monk
1759 3422 1891 3475 sent
1933 3416 2009 3493 by
2053 3416 2151 3476 the
2190 3415 2386 3477 Abbot
2427 3418 2498 3497 os
2530 3417 2819 3499 Readinq

607 3504 667 3558 to
710 3496 849 3557 take
888 3495 1108 3574 charqe
1147 3496 1218 3575 of
1254 3495 1351 3557 the
1392 3495 1616 3555 Manor
1655 3496 1725 3575 of
1759 3496 2154 3557 Leominster.

523 3654 907 3724 EdwarduS,
954 3652 1073 3713 Dei
1130 3652 1338 3730 gracia
1390 3651 1524 3711 Rex
1576 3651 1812 3727 Anglie,
1859 3660 1998 3726 ete.,
2042 3652 2404 3713 Venerabili
2455 3652 2520 3713 in
2571 3654 2826 3716 Christo

354 3762 555 3832 Patri,
598 3759 863 3830 (rhome,
907 3756 1125 3817 eadem
1169 3757 1377 3835 gracia
1421 3756 1866 3816 Herefordensi
1910 3756 2242 3835 Episcop0‚
2284 3758 2576 3819 salutem.
2664 3759 2826 3822 Cum

356 3868 631 3929 dilectus
694 3864 877 3925 nobis
937 3863 1004 3923 in
1069 3863 1321 3924 Christo
1377 3862 1589 3924 Abbas
1642 3864 1948 3941 Radingie
1999 3864 2316 3943 quendam
2369 3864 2448 3925 de
2497 3866 2824 3928 monachis

356 3974 491 4035 suis
536 3989 737 4049 nuper
779 3970 861 4030 ad
902 3968 1253 4029 custodiam
1296 3968 1557 4029 manerii
1596 3968 1691 4029 sui
1733 3968 1810 4029 de
1850 3968 2286 4047 Lemenystria
2315 3978 2522 4030 vestre
2556 3970 2825 4033 diocesis

355 4074 779 4157 deputaverit,
810 4074 974 4135 sicut
1013 4074 1147 4152 ipse
1181 4080 1245 4134 et
1281 4073 1752 4152 predecessores
1786 4074 1902 4144 sui,
1941 4073 2212 4135 Abbates
2250 4076 2575 4154 Radingie,
2606 4077 2824 4137 volun-

354 4190 495 4245 tate
552 4202 670 4243 sua
723 4181 1030 4241 hactenus
1086 4180 1292 4241 facere
1337 4180 1796 4250 consueverint,
1850 4178 2148 4241 Officialis
2205 4185 2412 4241 vester
2465 4182 2820 4260 predictum

358 4288 768 4359 monachum,
825 4306 939 4366 pro
994 4304 1069 4346 eo
1126 4286 1293 4365 quod
1347 4286 1543 4356 vobis,
1607 4286 1707 4345 vel
1769 4286 1887 4346 sibi
1951 4285 2081 4346 vice
2134 4294 2364 4360 vestra,
2415 4296 2822 4367 presentatus

357 4414 486 4454 non
531 4392 759 4467 extitit,
806 4390 1240 4469 multipliciter
1279 4390 1625 4470 inquietare
1675 4396 1741 4450 et
1787 4410 1898 4470 per
1941 4393 2370 4470 suspensionis
2413 4413 2524 4455 seu
2574 4413 2820 4456 excom·

358 4498 816 4561 munioacionis
870 4498 1228 4558 sentencias
1276 4497 1611 4557 molestare
1668 4515 1796 4557 non
1855 4507 2082 4569 cessat,
2143 4518 2432 4561 asserens
2495 4502 2825 4563 custodem

357 4604 726 4683 hujusmodi
783 4602 1161 4664 auctoritate
1216 4608 1443 4672 vestra,
1491 4608 1555 4662 et
1608 4622 1720 4681 per
1773 4604 2313 4680 presentacionem
2358 4608 2532 4668 vobis
2587 4608 2824 4670 factam

359 4712 439 4773 de
500 4754 516 4772 .
580 4754 595 4771 .
656 4756 671 4773 .
734 4754 748 4769 .
806 4711 827 4744 ¹
866 4708 1098 4769 ibidem
1144 4708 1430 4785 deputari
1475 4707 1699 4768 debere
1722 4728 1739 4780 ;
1797 4709 1964 4788 quod
2008 4716 2222 4771 tamen
2265 4712 2400 4773 fieri
2441 4732 2569 4773 non
2613 4715 2820 4789 debet,

360 4836 479 4878 nec
515 4816 827 4876 haetenus
862 4814 997 4875 fieri
1032 4813 1374 4886 consuevit,
1406 4815 1570 4875 sicut
1608 4834 1722 4875 nee
1767 4814 1844 4874 de
1880 4814 2018 4875 aliis
2060 4816 2420 4894 hujusmodi
2455 4822 2822 4885 custodibus

894 4949 1081 4991 1.-The
1104 4948 1295 4996 writing
1320 4948 1371 4991 of
1395 4960 1483 4991 one
1509 4960 1563 4991 οι·
1588 4952 1685 4993 two
1708 4950 1868 4993 words
1893 4950 1936 4992 is
1963 4952 2074 4993 here
2099 4950 2295 4995 effaoed.
