3459 5617
317 2516 416 2560 Fol.
442 2517 508 2558 63.

629 482 750 541 230
1291 482 1649 560 Regis-trum
1705 483 1924 543 Thome
1978 484 2051 544 dc
2111 483 2441 563 Cantilupo

633 707 971 766 diocesana
1013 707 1314 785 subjecta,
1347 714 1408 768 et
1451 716 1580 767 tam
1625 708 1759 786 ipse
1802 728 1991 788 quam
2034 708 2503 786 predecessores
2547 709 2665 779 sui,
2700 710 3089 769 Assevenses

629 813 949 891 Episcopi,
1022 815 1127 893 qui
1198 813 1429 875 fuerint
1499 835 1611 892 pro
1681 819 1982 892 tempore,
2052 815 2120 874 in
2194 815 2357 875 villis
2435 821 2496 874 et
2566 815 2719 874 locis
2794 814 3089 893 predictis

630 918 1072 998 Episcopalem
1149 915 1653 999 jurisdiccionem
1732 921 1820 999 [h]
1842 927 2106 982 actenus
2182 923 2619 982 consueverim
2696 941 2987 982 exercere
3052 941 3091 982 a

626 1029 908 1102 tempore
977 1045 1158 1103 cujus
1225 1025 1528 1085 memoria
1597 1045 1722 1085 non
1792 1026 2038 1096 existit;
2112 1032 2327 1085 tamen
2400 1024 2794 1087 Venerabilis
2866 1025 3089 1085 Frater

629 1136 861 1200 noster,
930 1129 1412 1190 Herefordensis
1475 1130 1847 1209 Episcopus,
1913 1129 2122 1190 minus
2185 1131 2493 1190 veraciter
2566 1150 2855 1190 asserens
2924 1130 3087 1210 quod

628 1234 790 1295 idem
847 1236 1202 1315 Episcopus
1253 1235 1625 1296 Assavensis
1671 1236 1738 1295 in
1788 1235 2107 1296 nonnullis
2153 1236 2379 1297 castris
2423 1243 2487 1295 et
2531 1236 2695 1296 villis
2746 1245 2911 1295 terre
2952 1255 3083 1314 pre-

621 1340 808 1412 dicte,
847 1340 1330 1402 Herefordensis
1366 1342 1652 1413 diocesiS,
1689 1350 1761 1402 ut
1796 1341 2065 1411 dicebat,
2103 1342 2546 1421 Episcopalem
2578 1341 3079 1421 jurisdiccionsm

626 1445 744 1505 sibi
803 1453 1022 1507 contra
1073 1446 1390 1524 justiciam
1447 1455 1743 1526 satagens
1796 1447 2146 1518 vendicare,
2209 1467 2437 1526 pueros
2501 1459 2565 1506 et
2628 1448 2874 1526 puellas
2936 1467 3079 1507 con-

619 1551 892 1622 firmare,
944 1556 1007 1612 et
1063 1553 1188 1612 alia
1241 1572 1362 1632 que
1417 1573 1529 1630 per
1583 1553 1751 1613 solos
1808 1553 2155 1631 Episcopos
2211 1562 2601 1624 exercentur,
2657 1553 2825 1613 dicto
2884 1554 3079 1614 Here·

623 1655 897 1715 fordensi
953 1657 1148 1717 invito
1225 1657 1554 1728 renitente,
1613 1660 1678 1717 in
1735 1659 1857 1719 illis
1913 1679 2203 1720 exercere
2259 1661 2584 1738 presumit,
2662 1662 2948 1740 quamvis
3005 1661 3080 1722 ab

625 1763 888 1842 antiquo
958 1763 1075 1824 sibi
1146 1764 1616 1836 Herefordensi,
1681 1771 1753 1825 ut
1812 1767 1977 1825 idem
2041 1764 2383 1835 asserebat,
2450 1779 2515 1826 et
2580 1767 3081 1828 antecessoribus

626 1869 778 1937 suis,
825 1889 950 1930 non
1008 1869 1485 1941 Assavensibus‚
1531 1879 1915 1950 competeret
1969 1878 2192 1932 contra
2245 1871 2395 1932 dicti
2454 1873 2824 1932 Assavensis
2882 1893 3077 1934 asser-

624 1975 890 2046 cionem,
956 1995 1142 2054 super
1205 1976 1323 2036 hoc
1379 1977 1458 2035 ad
1521 1977 1955 2038 venerabilem
2012 1977 2272 2037 fratrem
2346 1985 2631 2037 nostrum
2699 1978 3077 2057 Episcopum

621 2088 687 2140 et
738 2080 1001 2141 dilectos
1050 2081 1231 2153 filios,
1292 2082 1816 2143 Archidiaconum
1872 2090 1935 2142 et
1984 2085 2427 2144 Precentorem
2486 2085 2956 2154 Laudavenses‚
3013 2086 3077 2145 in

621 2188 940 2248 communi
1009 2189 1210 2248 forma
1278 2188 1522 2248 litteras
1599 2191 1989 2265 Apostolicas
2065 2191 2445 2270 impetravit.
2561 2192 2805 2266 Quibus
2882 2192 3075 2252 Priori

627 2293 842 2353 Sancti
887 2293 1164 2354 Oswaldi
1205 2294 1269 2353 in
1314 2295 1730 2365 Gloucestria,
1780 2297 2243 2374 Wygorniensis
2297 2297 2584 2366 diocesiS,
2628 2299 3076 2358 committenti-

624 2397 743 2458 bus
798 2399 862 2458 in
921 2399 1040 2458 hac
1095 2409 1273 2478 parte
1329 2401 1496 2460 vices
1553 2421 1718 2471 suas,
1777 2401 1943 2460 idem
2002 2402 2353 2481 Episcopus
2414 2403 2807 2473 Assavensis,
2868 2423 2945 2463 ex
3006 2423 3077 2464 eo

625 2505 913 2564 senciens
963 2525 999 2564 a
1046 2505 1214 2565 dicto
1265 2505 1478 2564 Priore
1525 2506 1802 2566 indebite
1852 2526 1919 2566 se
1960 2507 2204 2584 gravari
2254 2506 2421 2586 quod
2463 2507 2671 2585 ipsum
2716 2508 2885 2568 ultra
2926 2509 3077 2568 duas

622 2610 826 2671 dietas
883 2617 1059 2670 extra
1115 2630 1294 2670 suam
1353 2611 1648 2670 diocesim
1705 2611 1784 2672 ad
1838 2610 2144 2690 judicium
2198 2612 2519 2682 evocabat,
2574 2632 2958 2692 quamquam
3017 2613 3079 2674 id

621 2737 748 2777 non
799 2717 1058 2776 haberet
1107 2737 1182 2776 ex
1237 2717 1654 2794 predictarum
1715 2717 2015 2778 beneficio
2071 2718 2440 2786 litterarum,
2486 2717 2569 2776 ad
2614 2717 2838 2776 Sedem
2886 2719 3075 2797 Apos-

620 2823 873 2882 tolicam
944 2821 1296 2900 appellavit,
1369 2831 1431 2882 et
1501 2842 1688 2901 super
1764 2843 1878 2883 sua
1952 2821 2375 2901 appellacione
2450 2823 2532 2882 ad
2608 2822 3077 2902 Wygorniensis

621 2929 905 2989 Ecclesie
975 2949 1047 2988 ac
1131 2928 1207 2987 de
1289 2928 1723 3007 Wombrugge,
1798 2929 2239 2990 Coventrensis
2315 2929 2599 3004 diocesis,
2674 2929 2944 2998 Priores,
3016 2938 3077 2989 et

621 3035 1145 3094 Archidiaconum
1218 3035 1295 3094 de
1367 3035 1803 3113 Keyrmerdyn
1878 3038 1943 3094 in
2021 3035 2307 3095 Ecclesia
2386 3035 2751 3095 Menevensi
2830 3044 3077 3096 nostras

620 3141 867 3200 litteras
909 3141 1287 3219 impetravit.
1374 3141 1532 3202 Cum
1576 3143 1790 3221 itaque
1824 3142 2030 3201 dictus
2066 3141 2435 3200 Assavensis
2474 3141 2828 3219 Episcopus
2866 3161 3073 3202 coram

618 3238 882 3298 diversis
948 3237 1260 3315 judicibus
1328 3237 1572 3316 litigare
1641 3244 1919 3316 cogatur,
1992 3239 2057 3296 in
2135 3238 2258 3296 illis
2336 3237 2623 3314 partibus
2690 3239 2757 3296 in
2829 3238 3067 3316 quibus,

617 3343 873 3414 propter
913 3336 1268 3412 potenciam
1310 3343 1375 3395 et
1432 3335 1745 3395 maliciam
1803 3335 2297 3396 adversariorum
2350 3354 2606 3394 suorum
2652 3335 2869 3414 nequit
2914 3347 3066 3405 tute,

620 3452 696 3493 ac
745 3433 902 3492 alias
949 3432 1227 3510 plenarie
1277 3440 1346 3491 ut
1396 3435 1707 3501 convenit,
1760 3432 2052 3511 prosequi
2104 3432 2244 3509 jura
2302 3451 2458 3503 sua;
2520 3432 2699 3492 nobis
2756 3433 3071 3492 humiliter

619 3531 992 3609 supplicavit
1039 3536 1110 3588 ut
1154 3530 1476 3608 providere
1526 3549 1713 3608 super
1762 3529 1880 3589 hoc
1930 3531 2008 3590 de
2056 3529 2441 3606 benignitate
2494 3529 2672 3588 Sedis
2718 3529 3067 3606 Apostolice

615 3647 995 3689 curaremus.
1125 3627 1259 3687 Nos
1301 3634 1512 3687 autem
1555 3628 1751 3706 quieti
1807 3628 2086 3705 ejusdem
2140 3627 2509 3686 Assavensis
2578 3626 2881 3704 Episcopi
2932 3646 3065 3704 pro-

615 3726 826 3786 videre
895 3725 1192 3795 volentes,
1272 3744 1344 3784 ac
1413 3744 1745 3803 precavere
1821 3725 2084 3784 sollicite
2162 3743 2239 3783 ne
2317 3724 2645 3784 occasione
2719 3723 3065 3804 aliquorum

616 3823 1030 3884 amfractuum
1066 3823 1130 3881 in
1173 3822 1414 3901 juribus
1447 3822 1909 3899 pertinentibus
1952 3822 2231 3899 deperire
2272 3821 2615 3897 contingat,
2662 3821 3063 3880 Fraternitati

619 3932 745 3990 tue,
775 3920 851 3980 de
895 3941 1017 3999 qua
1057 3919 1310 3998 plenam
1343 3919 1406 3977 in
1454 3919 1725 3978 Domino
1759 3919 2055 3979 fiduciam
2089 3919 2465 3995 optinemus,
2501 3938 2611 3996 per
2640 3919 3061 3996 Apostolicam

619 4018 1104 4096 [auctoritatem]
1167 4016 1542 4076 mandamus
1598 4016 1916 4095 quatinuS,
1980 4015 2219 4076 vocatis
2272 4015 2379 4094 qui
2442 4015 2674 4074 fuerint
2736 4016 3055 4084 evocandi,

613 4135 873 4176 causam
923 4114 1286 4192 hujusmodi
1336 4113 1412 4172 de
1461 4113 1651 4191 plano
1701 4119 1764 4174 et
1814 4113 1948 4174 sine
1998 4113 2265 4189 strepitu
2313 4111 2590 4190 judiciali
2639 4131 2751 4190 per
2793 4115 3059 4191 teipsum

614 4218 864 4274 tantum
909 4213 1150 4281 audiaS,
1194 4219 1258 4270 et
1302 4211 1726 4289 appellacione
1769 4227 2032 4280 remota,
2076 4209 2287 4270 debita
2328 4209 2453 4268 fine
2498 4209 2770 4280 decidas,
2806 4208 3058 4276 faciens,

612 4319 772 4380 etc.;
832 4329 958 4368 non
1007 4307 1404 4368 obstantibus
1459 4307 1758 4386 predictis
1805 4309 2048 4378 litteris,
2106 4314 2225 4366 etc.
2250 4325 2265 4377 ;
2326 4325 2437 4366 seu
2494 4308 2547 4366 si
2603 4313 2698 4366 est
2753 4307 3063 4385 aliquibus

611 4407 928 4468 indultum
978 4405 1057 4465 ab
1099 4405 1319 4466 eadem
1365 4404 1524 4464 Sede
1567 4405 1734 4483 quod
1776 4405 2084 4471 interdici,
2128 4403 2449 4481 suspendi,
2494 4409 2603 4463 aut
2646 4404 3063 4464 excommuni-

612 4507 740 4566 cari
797 4524 923 4563 non
977 4511 1242 4581 possunt
1298 4523 1409 4580 per
1463 4503 1706 4562 litteras
1757 4501 2169 4580 Apostolicas,
2228 4501 2281 4560 si
2333 4521 2459 4560 non
2508 4500 2658 4560 facit
2705 4501 2959 4579 plenam
3004 4508 3063 4561 et

613 4620 974 4680 expressam
1023 4600 1099 4660 de
1142 4600 1389 4659 indulto
1435 4599 1797 4677 hujusmodi
1839 4600 2250 4668 mencionem,
2302 4604 2465 4667 etc.;
2513 4598 2855 4658 dummodo
2896 4607 3065 4659 extra

614 4719 874 4777 regnum
933 4698 1153 4776 Anglie
1199 4717 1310 4775 per
1364 4707 1690 4775 presentes
1747 4697 1827 4756 ad
1882 4697 2186 4774 judicium
2244 4715 2368 4754 non
2419 4695 2726 4755 trahatur.
2829 4697 3062 4756 Datum

613 4795 897 4866 viterbii,
935 4795 1063 4872 xiiij
1103 4794 1424 4854 Kalendas
1484 4839 1498 4854 .
1561 4840 1574 4854 .
1635 4840 1650 4856 .
1713 4797 1753 4855 .¹
1780 4793 2194 4853 Pontificatus
2236 4792 2435 4852 nostri
2478 4811 2646 4852 anno
2689 4794 2983 4853 secund0.

1437 4913 1606 4954 l—The
1631 4912 1801 4954 mouth
1825 4923 1928 4954 was
1956 4915 2041 4953 not
2066 4908 2252 4952 named.
