3459 5617
1129 481 1430 562 Episcopi
1482 482 1555 541 H
1549 482 1961 562 ereforden-sic.
2692 486 2772 547 83

323 730 535 793 Letter
598 738 655 823 to
720 730 817 823 ihc
882 732 1116 811 bailzffs
1173 732 1244 824 os:
1304 732 1607 824 Herefovjd
1673 732 1990 824 requirinq
2044 734 2449 824 ‘satisfacticn
2510 736 2619 815 for
2676 737 2775 799 the

566 812 869 874 vwlatwn
912 814 984 893 of
1029 813 1464 875 ecckszastical
1500 812 1697 893 rtqhts
1742 833 1813 873 m
1856 815 2132 894 refusing]
2176 822 2233 876 to
2282 815 2449 876 hand
2492 837 2630 878 over
2676 818 2777 879 the

569 893 708 973 keys
750 894 822 973 of
857 893 954 955 the
999 893 1142 973 Gity
1184 894 1412 973 ἀνίης
1456 894 1553 955 the
1581 895 1911 975 fair-time.

479 1049 615 1109 Pno
673 1066 990 1110 nummus
1046 1049 1298 1111 Domni
1341 1050 2287 1113 Hannrosnnnffls-Waltero
2327 1052 2404 1112 de
2446 1052 2508 1113 la
2555 1052 2771 1127 Barre,

314 1152 660 1233 Beginaldo
721 1154 1128 1227 Maniworde,
1188 1154 1457 1216 Ricardo
1511 1156 1568 1215 le
1626 1156 1892 1228 Husser,
1946 1154 2191 1218 ballivis
2246 1165 2310 1217 et
2367 1158 2506 1219 aliis
2560 1160 2773 1238 probis

318 1262 680 1323 hominibus
709 1260 1276 1322 Herefordensibus
1318 1261 1586 1321 salutem
1621 1261 1686 1320 in
1732 1262 1957 1323 salutis
2000 1263 2291 1324 Auctore.
2386 1262 2566 1336 Cum,
2612 1264 2775 1325 sicut

314 1367 648 1428 didicimus
730 1387 768 1428 a
850 1365 1083 1427 nostris
1164 1366 1452 1428 fidelibus
1535 1372 1599 1429 et
1683 1367 1931 1446 juratis,
2014 1368 2485 1447 predecessores
2553 1370 2772 1443 nostri,

325 1472 625 1553 Episcopi
685 1472 1203 1544 Herefordenses,
1261 1492 1376 1533 suo
1431 1479 1494 1534 et
1549 1472 1834 1534 Ecclesie
1891 1478 2103 1533 nostre
2164 1475 2435 1543 nomine.
2501 1475 2567 1535 in
2630 1495 2774 1555 pos·

325 1578 606 1640 sessione
647 1578 746 1639 vel
788 1576 971 1657 quasi
1006 1577 1196 1655 hujus
1238 1577 1545 1638 libertatis
1585 1578 1906 1639 extiterint
1950 1578 2031 1639 ab
2085 1580 2361 1658 antiquo,
2415 1578 2527 1661 [et]
2586 1580 2769 1642 annis

319 1683 584 1763 singulis
642 1691 922 1762 tempore
979 1682 1402 1743 nundinarum
1462 1682 1679 1744 Sancti
1734 1683 2091 1745 Ethelberti
2147 1684 2648 1758 Herefordensis‚
2706 1686 2773 1746 in

316 1789 598 1868 ipsarum
660 1788 848 1849 inicio
937 1788 1210 1850 civitatis
1269 1787 1753 1849 Herefordensis
1813 1795 2131 1868 portarum
2204 1796 2270 1851 et
2326 1790 2597 1851 clavium
2670 1811 2771 1853 ea-

317 1895 584 1955 rundem
652 1894 940 1955 custodia
987 1894 1234 1956 ballivis
1288 1894 1564 1973 ipsorum
1623 1893 2077 1974 Episcoporum
2136 1895 2302 1956 tradi
2355 1900 2771 1968 consueverit,

319 2000 610 2061 habenda
649 2000 909 2079 pacifice
951 2006 1013 2061 et
1055 2001 1266 2080 quiete
1307 2000 1679 2060 durantibus
1720 2000 2021 2061 nundinis
2066 2001 2471 2073 memoratis;
2522 2022 2654 2074 vos,
2700 2010 2772 2064 ut

317 2108 695 2185 accepimus,
739 2107 806 2166 in
846 2106 1130 2186 proximo
1170 2106 1482 2185 preteritis
1525 2107 1823 2167 nundinis
1883 2107 2101 2168 Sancti
2141 2108 2498 2170 Ethelberti
2537 2109 2773 2171 dictam

315 2213 666 2274 custodiam
737 2220 801 2274 et
868 2213 1076 2274 claves
1145 2214 1212 2272 in
1281 2213 1482 2274 forma
1548 2213 1832 2293 predicta
1893 2213 2124 2274 nostris
2187 2213 2432 2275 ballivis
2500 2215 2763 2279 liberare

318 2325 540 2380 contra
610 2320 930 2397 justiciam
1007 2319 1368 2391 recusastis,
1444 2319 1589 2380 licet
1671 2338 1859 2398 super
1939 2319 2057 2380 hoc
2137 2338 2249 2398 per
2315 2339 2423 2380 eos
2493 2320 2773 2383 fuissetis

311 2416 546 2496 pluries
605 2416 905 2497 requisiti.
1008 2416 1292 2496 Cumque
1349 2416 1618 2478 dilectus
1673 2416 1861 2487 filius,
1906 2416 2205 2478 Officialis
2260 2425 2495 2489 noster,
2538 2438 2649 2479 vos
2703 2420 2771 2479 in

312 2522 485 2583 dicta
526 2521 1031 2583 contradiccione
1072 2522 1410 2601 perdurare
1451 2524 1859 2601 conspiceret,
1902 2540 2013 2583 vos
2068 2522 2368 2583 canonice
2423 2524 2666 2584 monuit
2709 2528 2773 2585 et

317 2629 638 2689 curialiter
679 2628 1001 2708 requisivit
1042 2634 1114 2688 ut
1149 2627 1394 2689 ballivis
1428 2628 1659 2689 nostris
1698 2637 1918 2688 nostro
1951 2628 2204 2688 nomine
2236 2627 2500 2689 liberare
2537 2628 2772 2690 dictam

314 2734 668 2795 custodiam
739 2736 1083 2795 secundum
1165 2733 1337 2813 prius
1420 2741 1748 2813 optentam
1823 2734 2341 2795 consuetudinem
2424 2735 2728 2797 curaretis
2752 2755 2789 2810 ;,

315 2840 482 2919 quod
531 2848 746 2901 tamen
788 2840 1095 2901 hactenus
1138 2839 1431 2901 renuistis
1473 2839 1695 2912 facere,
1726 2839 1793 2900 in
1834 2848 2121 2900 nostrum
2160 2845 2224 2900 et
2256 2839 2516 2901 ecclesie
2557 2848 2771 2903 nostre

315 2947 731 3026 preJ'udicium
794 2966 919 3007 non
985 2946 1298 3007 modicum
1362 2965 1436 3007 ac
1495 2960 1842 3007 vestrarum
1904 2945 2249 3025 periculum
2306 2945 2653 3007 animarum
2704 2953 2769 3007 et

314 3057 769 3132 contemptum.
874 3050 1032 3113 Cum
1091 3051 1303 3132 itaque
1358 3052 1716 3113 libertatum
1773 3058 1837 3112 et
1889 3051 2124 3130 jurium
2180 3051 2465 3112 Ecclesia
2518 3052 2584 3111 in
2626 3071 2760 3131 pre-

322 3158 533 3219 missis
603 3164 714 3219 aut
782 3157 919 3219 aliis
989 3158 1355 3237 spoliatores
1417 3175 1545 3218 non
1611 3157 1873 3218 dubium
1936 3158 2018 3218 sit
2080 3157 2464 3218 sentenciam
2527 3176 2771 3218 excom-

314 3265 768 3325 municacionis
848 3263 1182 3337 incurrere,
1255 3265 1402 3325 licet
1483 3269 1758 3325 vestram
1841 3263 2337 3325 inobedienciam
2412 3263 2771 3324 induratam

321 3369 862 3430 animadversione
923 3369 1094 3449 gravi
1151 3369 1372 3449 punire
1438 3388 1787 3449 possemus,
1844 3370 2128 3430 volentes
2187 3376 2400 3429 tamen
2458 3388 2604 3448 erga
2659 3388 2773 3430 vos

313 3474 528 3535 mitius
582 3494 764 3554 agere
819 3474 885 3534 in
942 3476 1062 3535 hac
1117 3480 1315 3554 parte,
1372 3494 1486 3536 vos
1540 3476 1769 3536 iterum
1826 3474 2199 3555 requirimus
2253 3485 2319 3534 et
2374 3474 2440 3534 in
2497 3475 2773 3535 Domino

315 3600 645 3641 monemus
700 3581 994 3661 quatinus
1035 3580 1195 3642 citra
1253 3580 1510 3641 Festum
1565 3581 1781 3642 Sancti
1836 3581 2009 3641 Petri
2064 3580 2145 3640 ad
2195 3579 2445 3640 vincula
2483 3580 2769 3659 proximo

312 3704 582 3766 sequens
665 3705 851 3764 super
930 3686 1426 3765 transgressione
1495 3685 1777 3765 predicta
1845 3684 2025 3745 nobis
2094 3692 2157 3745 et
2227 3685 2489 3746 ecclesie
2558 3690 2771 3747 nostre

313 3792 544 3853 curetis
587 3791 947 3853 satisfacere
990 3798 1439 3871 competenter.
1527 3791 1818 3871 Alioquin
1854 3791 1933 3851 ad
1962 3800 2236 3852 vestram
2276 3789 2773 3851 inobedienciam

313 3905 380 3959 et
423 3897 776 3976 superbiam
818 3897 1203 3976 puniendam
1244 3915 1355 3976 per
1396 3898 1721 3977 utriusque
1766 3896 2002 3956 brachii
2041 3884 2425 3975 potestatem
2458 3902 2773 3975 quatenus

315 4004 661 4083 poterimus
691 4008 946 4063 auctore
983 4002 1258 4063 Domino
1286 4002 1714 4082 procedemus,
1788 4000 1953 4078 Quid
1983 4010 2194 4061 autem
2238 4020 2425 4080 super
2450 4000 2771 4080 premissis

313 4109 518 4171 iacere
561 4108 879 4168 volueritis
920 4107 1100 4169 nobis
1140 4127 1252 4186 per
1293 4109 1553 4169 latorem
1591 4108 1983 4187 presencium
2024 4106 2403 4169 rescribatis.

315 4364 468 4443 Juby
519 4363 955 4425 8.—Mandatc
998 4370 1056 4425 to
1095 4362 1271 4424 Luke
1309 4363 1385 4424 dc
1425 4364 1577 4424 Bree
1619 4369 1677 4423 to
1719 4361 1938 4423 install
1979 4360 2275 4422 Ed‘masnd
2328 4360 2648 4421 Mortimcr
2704 4359 2776 4421 in

562 4444 658 4505 the
692 4444 958 4524 prebend
997 4444 1250 4505 vacatcd
1293 4444 1368 4521 by
1397 4444 1576 4505 Peter
1615 4442 1688 4504 de
1729 4443 2003 4514 Radnor,
2048 4442 2174 4502 and
2214 4442 2343 4503 also
2386 4440 2671 4503 Richard
2703 4440 2777 4503 dc

563 4524 878 4605 Stratford
919 4525 990 4585 in
1031 4524 1165 4585 that
1205 4524 1458 4587 vacated
1508 4525 1583 4603 by
1626 4523 1921 4585 E'dmund
1961 4522 2298 4585 Mortimcr.

477 4680 774 4753 Thomas,
811 4686 956 4753 etc„
992 4680 1291 4761 magistro
1333 4680 1559 4763 L[uce]
1597 4679 1676 4740 de
1717 4680 1900 4752 Bree‚
1938 4679 2256 4741 Canonico
2299 4675 2768 4748 Herefordensi,

317 4787 606 4858 salutem,
671 4792 790 4847 etc.
899 4786 1063 4862 Quia
1126 4788 1355 4848 dilecto
1421 4787 1570 4857 filio,
1643 4786 1897 4847 domino
1958 4784 2297 4845 Edmundo
2365 4782 2443 4843 de
2514 4782 2768 4843 Mortuo

319 4893 506 4964 Mari,
556 4892 939 4971 prebendam
980 4913 1101 4973 que
1143 4894 1260 4955 fuit
1302 4893 1582 4972 magistri
1623 4892 1795 4952 Petri
1839 4891 1917 4953 de
1956 4890 2330 4953 Badenoure
2369 4889 2436 4949 in
2476 4888 2767 4949 Ecclesia
