3459 5617
645 468 765 528 182
1307 465 1664 545 Reqistmm
1720 467 1942 528 Thomc
1994 465 2069 527 dc
2126 465 2456 546 Cantilupo

646 711 760 771 per
841 691 1029 753 finem
1118 692 1533 752 ducentarum
1611 692 1930 763 librarum,
2015 701 2185 764 etc.;
2274 709 2411 762 nos,
2486 691 2769 752 volentes
2836 689 2918 750 ob
2986 689 3108 750 hoc

643 799 811 878 quod
879 799 984 859 ille
1053 799 1160 879 xiij
1177 798 1240 858 li.
1303 798 1391 876 iiij
1407 817 1456 859 s.
1535 799 1602 878 iij
1619 798 1679 858 d.
1761 798 2033 870 obolum,
2112 817 2271 878 quas
2343 798 2523 858 nobis
2601 797 2857 858 reddere
2934 805 3107 857 tene·

644 903 801 963 mini
859 904 1189 963 annuatim
1246 922 1445 982 usque
1503 903 1580 963 ad
1638 902 1980 982 legitimam
2038 909 2273 964 etatem
2318 902 2739 982 predictorum
2783 901 3108 973 heredum,

644 1029 758 1090 pro
807 1010 1088 1070 manerio
1144 1009 1222 1071 de
1279 1011 1336 1070 N
1341 1016 1761 1089 ortperetone‚
1806 1010 1975 1091 quod
2022 1010 2143 1071 fuit
2186 1009 2452 1090 predicti
2492 1008 2790 1090 Philippi,
2834 1016 2898 1070 et
2940 1007 3111 1088 quod

647 1115 846 1176 Priori
890 1123 1101 1176 vestro
1143 1122 1208 1175 et
1249 1114 1428 1176 vobis
1483 1114 1923 1176 dimiseramus
1979 1124 2127 1177 ante
2170 1115 2403 1176 dictam
2462 1114 2929 1177 concessionem
2970 1133 3111 1192 pre·

644 1220 777 1281 fato
822 1220 1136 1299 Episcopo
1179 1220 1437 1291 iactam,
1468 1220 1546 1280 de
1590 1226 1797 1281 cetero
1838 1241 1950 1300 per
1991 1241 2220 1282 manus
2260 1229 2505 1282 vestras
2546 1221 2751 1282 eidem
2792 1220 3111 1301 Episcopo

643 1326 994 1386 reddantur
1041 1326 1370 1386 annuatim
1420 1345 1617 1406 usque
1669 1325 1752 1386 ad
1804 1333 2037 1387 etatem
2079 1327 2461 1406 predictam3
2512 1325 2689 1387 vobis
2730 1325 3112 1386 mandamus

642 1431 809 1511 quod
873 1430 1192 1510 predictas
1255 1431 1361 1510 xiij
1377 1432 1440 1492 li.
1507 1431 1594 1511 iiij
1611 1450 1661 1494 s.
1727 1438 1791 1492 et
1840 1431 1982 1511 iijd.
2046 1431 2300 1493 obolum
2366 1430 2611 1511 prefato
2668 1431 2986 1511 Episcopo
3033 1431 3113 1492 de

643 1543 855 1597 cetero
912 1536 1171 1597 solvatis
1225 1538 1290 1596 in
1347 1538 1550 1597 forma
1606 1537 1911 1616 predicta,
1958 1547 2023 1598 et
2066 1538 2123 1598 ei
2176 1537 2323 1599 inde
2380 1557 2580 1618 usque
2628 1538 2708 1598 ad
2767 1537 3112 1616 legitimam

644 1648 884 1703 etatem
943 1643 1242 1702 heredum
1299 1643 1719 1722 predictorum
1778 1642 1915 1704 sitis
1959 1643 2363 1705 intendentes
2404 1651 2468 1704 et
2508 1645 3003 1723 respondentes;
3048 1649 3112 1704 et

647 1747 939 1809 denarios
995 1767 1153 1827 quos
1209 1748 1410 1809 eidem
1473 1748 1791 1828 Episcopo
1846 1749 1991 1810 inde
2048 1749 2126 1809 de
2182 1760 2390 1810 cetero
2447 1749 2759 1809 solveritis
2800 1748 2885 1808 ad
2930 1748 3111 1809 Scac·

645 1854 885 1914 carium
946 1863 1230 1914 nostrum
1291 1853 1468 1914 vobis
1527 1854 1954 1916 allocabimus.
2062 1855 2247 1916 Teste
2306 1855 2367 1916 J.
2434 1854 2512 1915 de
2571 1855 2884 1915 Daleham
2945 1853 3113 1933 apud

651 1960 1307 2033 westmonasterium,
1355 1961 1479 2040 xvij
1533 1961 1632 2022 die
1672 1961 1872 2033 Junii,
1916 1981 2085 2023 anno
2126 1963 2299 2040 regni
2342 1961 2543 2022 nostri
2584 1967 2784 2021 sexte.

649 2227 802 2304 July
847 2230 1032 2286 20.—
1044 2227 1338 2288 Mandata
1383 2233 1441 2287 to
1493 2227 1590 2296 the,
1651 2229 1983 2288 Treasurer
2021 2228 2147 2288 and
2199 2230 2441 2288 Barons
2482 2229 2553 2305 os
2602 2228 2699 2288 the
2754 2228 3119 2308 Exchequer

898 2314 956 2369 to
1001 2308 1241 2386 inspect
1285 2307 1384 2368 the
1430 2307 1581 2368 rolla
1629 2309 1757 2368 and
1807 2316 1865 2368 to
1912 2309 2061 2369 send
2100 2309 2483 2388 particulam
2524 2310 2595 2387 of
2637 2308 2735 2370 the
2783 2329 2951 2370 sums
2998 2309 3116 2371 duc

896 2395 954 2449 to
1005 2389 1132 2449 and
1160 2389 1330 2466 from
1373 2387 1471 2448 the
1511 2387 1768 2468 Bishop,
1814 2389 1949 2450 that
1988 2390 2086 2450 the
2122 2397 2379 2450 account
2412 2407 2554 2468 may
2595 2389 2661 2450 be
2700 2389 3010 2450 balanced.

811 2543 1106 2604 menuu
1166 2544 1374 2604 ans
1439 2562 1562 2604 PRO
1624 2561 2159 2606 comnNsAcmi-tn
2218 2563 2541 2606 nummu
2602 2564 2690 2606 nn
2748 2563 3117 2607 numus.—

649 2650 784 2711 Bex
846 2650 1260 2711 Thesaurario
1305 2657 1369 2711 et
1437 2629 1794 2711 Bar-onibus
1852 2651 1983 2712 suis
2038 2651 2117 2711 de
2174 2651 2501 2712 Scaccario
2556 2653 2851 2713 salutem.
2955 2652 3113 2713 Cum

647 2754 1042 2816 Venerabilis
1105 2755 1317 2828 Pater,
1376 2756 1673 2826 Thomas,
1736 2756 2218 2818 Heretordensis
2286 2757 2660 2837 EpiscopuS,
2730 2777 2847 2838 pro
2917 2777 2984 2819 se
3050 2764 3118 2819 et

645 2860 1192 2939 predecessoribus
1226 2861 1357 2922 suis
1390 2861 1726 2940 Episcopis
1765 2863 2046 2941 ejusdem
2087 2862 2227 2936 loci,
2269 2862 2449 2924 nobis
2486 2864 2549 2923 in
2584 2863 2848 2925 diversis
2888 2864 3119 2925 debitis

647 2970 961 3036 teneatur,
1042 2986 1116 3027 ac
1171 2986 1288 3026 nos
1353 2967 1574 3027 eidem·
1637 2968 1973 3046 Episcopo,
2053 2969 2217 3029 sicut
2292 2969 2537 3040 asserit,
2610 2969 2674 3029 in
2737 2969 3118 3048 quibusdam

647 3070 878 3132 debitis
939 3072 1193 3132 aliunde
1235 3078 1598 3148 teneamur3
1644 3073 1821 3134 vobis
1880 3075 2250 3134 mandamus
2292 3075 2481 3156 quod,
2542 3075 2839 3135 scrutatis
2893 3075 3118 3136 rotulis

648 3177 875 3237 vestris
947 3177 1258 3238 Scaccarii
1327 3178 1611 3256 predicti,
1689 3199 1806 3240 nos
1862 3179 1940 3240 de
1996 3181 2262 3241 summis
2331 3181 2679 3241 debitorum
2753 3181 2904 3241 hinc
2972 3181 3118 3242 inde

651 3282 930 3344 reddatis
975 3283 1056 3344 ad
1097 3285 1352 3364 plenum
1399 3286 1749 3356 cerciores;
1796 3293 1862 3346 et
1904 3285 1957 3346 si
1999 3305 2115 3346 nos
2158 3286 2275 3347 sibi
2319 3297 2649 3347 teneamur
2691 3286 2755 3346 in
2804 3286 3119 3367 aliquibus

649 3388 898 3460 debitis,
957 3409 1034 3450 ex
1091 3408 1218 3469 qua
1269 3409 1463 3451 causa
1514 3400 1578 3450 et
1622 3410 1661 3451 a
1709 3410 1834 3470 quo
1877 3398 2193 3471 tempore;
2250 3393 2343 3452 ita
2391 3391 2557 3472 quod
2606 3394 2930 3473 quamcito
2974 3393 3117 3452 inde

651 3493 956 3554 fuerimus
992 3495 1318 3556 cercior-ati
1362 3515 1472 3574 per
1513 3496 1959 3556 allocacionem
2004 3497 2151 3556 hinc
2192 3496 2357 3568 inde,
2405 3498 2503 3558 vel
2552 3497 2675 3558 alio
2732 3497 2943 3570 modo,
2986 3497 3117 3558 fieri

651 3600 957 3661 faciamus
999 3602 1062 3659 in
1097 3600 1220 3661 hac
1262 3606 1442 3679 parte
1486 3600 1656 3681 quod
1698 3601 1777 3660 de
1809 3601 1948 3679 jure
1980 3601 2167 3661 fuerit
2209 3601 2587 3662 faciendum.
2646 3603 2835 3661 ‘Peste
2879 3601 3119 3682 meipso

653 3709 822 3788 apud
870 3708 1523 3778 westmonasterium,
1568 3728 1650 3767 xx
1693 3707 1794 3767 die
1834 3707 1875 3768 J
1881 3709 2183 3778 ulii,anno
2222 3709 2399 3786 regni
2438 3707 2639 3767 nostri
2678 3713 2877 3766 sexte.

653 3977 1122 4038 Memorandwm
1171 3977 1306 4036 that
1358 3984 1471 4036 two
1517 3975 1718 4037 tallias·
1761 3979 1834 4051 os
1864 3982 2159 4055 payment
2198 3977 2269 4049 of
2310 3977 2493 4036 :8100
2527 3978 2637 4051 sor
2682 3975 2920 4052 Earley
2968 3993 3119 4034 were

901 4057 1210 4136 deposited
1253 4056 1326 4132 by
1379 4057 1653 4116 William
1693 4057 1765 4116 de
1808 4055 2213 4116 Faukeburne
2253 4056 2381 4116 and
2421 4057 2590 4117 John
2628 4056 2717 4115 dc.
2748 4056 2931 4116 Clare
2957 4054 3042 4115 'in
3077 4074 3122 4114 a

904 4137 1136 4198 leather
1185 4137 1298 4216 baq
1347 4137 1416 4196 in
1461 4157 1504 4197 a
1556 4138 1722 4198 che-st
1769 4137 1989 4197 behind
2046 4137 2143 4196 the
2201 4137 2374 4215 Hiyh
2418 4137 2604 4197 Altar
2643 4141 2716 4212 os
2764 4138 2857 4196 St.
2904 4136 3119 4196 Paul’s

907 4218 1155 4279 thrch
1208 4220 1274 4278 in
1333 4218 1609 4288 Londcn,
1660 4217 1854 4278 where
1909 4219 2081 4278 other
2135 4217 2481 4278 documents
2540 4217 2853 4296 bebonqinq
2912 4225 2972 4277 to
3023 4217 3119 4276 the

904 4298 1138 4379 Bishop
1179 4319 1284 4360 are
1320 4299 1560 4378 placed.
1679 4299 1803 4360 The
1846 4298 1955 4376 key
1996 4299 2051 4358 is
2096 4297 2235 4378 kept
2279 4298 2351 4376 by
2404 4299 2496 4358 W.
2542 4298 2613 4358 de
2656 4297 3083 4358 Faukebume.

819 4455 956 4514 Pno
1013 4471 1244 4514 WARDA
1303 4471 1388 4512 ΕΤ
1461 4471 1815 4513 unu-mero
1874 4471 1960 4511 nn
2033 4451 2892 4512 Amare—Memoradum
2952 4451 3119 4531 quod

655 4559 940 4639 deposite
997 4558 1250 4619 fuerunt
1309 4559 1431 4618 due
1491 4559 1664 4618 tallie
1734 4578 1843 4637 per
1898 4558 2223 4618 dominum
2301 4548 2686 4617 Wi'llelmum
2746 4557 2823 4616 de
2880 4558 3117 4618 Fauke-

657 4665 855 4726 burne
915 4669 978 4723 et
1039 4664 1078 4724 J
1100 4663 1460 4742 [ohannem]
1533 4665 1610 4722 de
1678 4664 1878 4734 Clare,
1951 4663 2029 4722 de
2101 4663 2443 4722 solucione.
2488 4669 2743 4722 centum
2818 4663 3119 4724 librarum

657 4789 774 4852 pro
835 4771 1080 4849 Arleye‚
1139 4770 1206 4828 in
1287 4770 1576 4830 Ecclesia
1623 4769 1838 4830 Sancti
1902 4769 2083 4830 Pauli
2140 4768 2630 4839 londoniarum,
2703 4769 2994 4828 videlicet
3052 4767 3117 4827 in

662 4876 934 4957 quodam
979 4895 1174 4954 parvo
1215 4875 1476 4936 forcerio
1532 4877 1610 4936 de
1664 4876 1833 4936 corio
1888 4876 2197 4936 existente
2250 4877 2317 4935 in
2372 4875 2649 4954 quadam
2704 4875 2869 4934 cista
2910 4881 3119 4935 stante
