3459 5617
1143 492 1444 571 Episcopi
1497 491 1981 571 Herefordensis.
2716 498 2793 558 71

331 720 392 777 et
457 724 694 777 terram
766 715 938 777 Petri
999 714 1266 777 Corebet·
1337 716 1402 775 in
1465 717 1660 787 Gauz,
1727 724 1793 775 et
1854 736 1965 794 per
2026 735 2239 776 eornm
2304 726 2793 792 sacramentum,

333 828 446 883 etc.
537 868 550 883 .
660 868 674 882 .
779 823 874 882 Tu
929 821 1064 901 ipse
1120 831 1274 882 tunc
1325 822 1412 882 sis
1459 821 1566 894 ibi,
1611 821 1940 882 auditurus
1980 820 2285 900 judicium
2335 822 2413 883 de
2462 821 2581 883 hoo
2630 824 2800 903 quod

331 934 694 1008 preceptum
737 934 1045 999 nostrum,
1088 928 1262 1007 prins
1303 927 1450 988 inde
1494 928 1610 987 tibi
1652 927 1981 998 directum,
2014 946 2141 987 non
2182 946 2251 989 es
2294 932 2591 989 executus
2634 931 2801 991 sicut

332 1036 440 1097 tibi
495 1043 868 1115 preceptum
917 1035 1054 1095 fuit.
1157 1034 1246 1094 Et
1304 1034 1542 1095 habeas
1599 1034 1684 1094 ibi
1748 1034 2007 1095 nomina
2068 1041 2340 1112 quatuor
2403 1033 2674 1094 militum
2729 1042 2797 1096 et

333 1140 448 1201 hoc
501 1141 712 1201 breve.
817 1142 1004 1201 Teste
1060 1138 1358 1223 R[ogero]
1431 1140 1508 1200 de
1575 1142 1849 1218 Seytone
1905 1138 2077 1218 apud
2132 1138 2795 1213 westmonasterium,

331 1529 537 1589 Letter
579 1530 750 1607 from
805 1528 902 1588 the
959 1527 1198 1605 Sheriff
1243 1526 1600 1605 explaininq
1666 1527 1801 1586 that
1866 1526 1963 1587 the
2026 1528 2187 1604 Jury
2255 1528 2379 1587 hacl
2443 1528 2583 1587 been
2644 1528 2796 1607 duly

572 1609 939 1677 summoned,
971 1609 1076 1668 but
1122 1608 1254 1668 that
1299 1608 1435 1685 they
1481 1608 1603 1667 had
1643 1607 1919 1667 declinecl
1963 1615 2020 1668 to
2062 1615 2161 1667 act
2204 1629 2275 1669 as
2320 1608 2417 1669 the
2447 1610 2579 1688 full
2620 1630 2795 1669 ‘niom-

575 1690 676 1749 ber
718 1691 789 1769 of
835 1689 1026 1749 belted
1081 1688 1348 1766 Kniqhts
1405 1708 1529 1747 was
1583 1695 1688 1748 not
1736 1696 1982 1767 present
2036 1690 2197 1767 aster
2256 1710 2414 1749 some
2474 1690 2596 1749 had
2655 1691 2799 1751 been

573 1770 924 1848 challenged
965 1771 1042 1847 by
1086 1770 1184 1830 the
1224 1769 1570 1848 defendant.

492 1924 1366 1985 PsntmA010.—Sciatur
1432 1923 1620 2003 qnod,
1679 1943 1825 1984 cum
1895 1944 1971 1984 ex
2040 1932 2219 2003 parte
2292 1927 2548 1986 Domini
2609 1928 2799 2007 Regis

335 2040 698 2109 preceptum
785 2036 952 2090 esset
1035 2030 1192 2089 mihi
1280 2028 1468 2111 quod,
1555 2030 1901 2108 assumptis
1986 2050 2231 2091 mecum
2320 2030 2405 2091 xii
2486 2032 2796 2107 discretis,

335 2143 448 2197 etc.
533 2182 548 2197 .
639 2180 654 2197 .
739 2154 854 2213 ego
938 2136 1149 2195 venire
1245 2134 1364 2195 feci
1467 2135 1544 2195 ad
1646 2142 1845 2195 terras
1925 2135 2243 2214 predictas
2330 2136 2563 2197 milites
2654 2137 2800 2197 sub-

335 2242 618 2321 scriptos,
705 2241 996 2302 videlicet
1089 2241 1415 2302 dominum
1505 2240 1817 2301 Thomam
1914 2241 2185 2313 Boterel‚
2273 2241 2633 2303 Johannem
2717 2243 2795 2304 de

333 2347 676 2419 Ercalewe‚
744 2346 1130 2407 Willelmum
1194 2346 1270 2405 de
1335 2344 1681 2424 Hugeford,
1749 2345 2100 2405 Walterum
2164 2346 2243 2405 de
2304 2346 2794 2427 Bredewardyn,

330 2453 640 2532 Roget-um
746 2452 1182 2531 Springehose,
1272 2451 1616 2511 Walterum
1717 2451 1797 2511 de
1896 2451 2311 2524 Bokenhulle,
2416 2453 2619 2513 Adam
2722 2454 2803 2515 de

335 2557 768 2636 Mungomery,
854 2564 916 2617 et
999 2557 1311 2635 Rogerum
1394 2556 1686 2629 Pichard,
1773 2557 2007 2618 milites
2094 2558 2303 2636 gladio
2384 2559 2647 2631 cinctOS,
2736 2567 2803 2621 et

331 2664 676 2724 Robertum
731 2664 808 2724 de
863 2664 1134 2735 BullerS,
1179 2664 1419 2725 Lucam
1473 2663 1552 2725 de
1607 2664 1881 2733 Butone‚
1932 2671 1995 2724 et
2054 2664 2397 2725 Ricardum
2448 2664 2526 2725 de
2586 2666 2795 2727 Dode-

331 2776 723 2839 manestone,
780 2768 1009 2828 liberos
1067 2776 1132 2827 et
1187 2768 1422 2847 legales
1479 2768 1769 2827 homines
1826 2768 1903 2827 de
1963 2766 2285 2829 Comitatu
2348 2767 2631 2846 predicto
2654 2787 2671 2840 ;
2731 2768 2799 2828 in

329 2892 482 2953 qnos
543 2881 765 2952 partes
819 2873 980 2933 alias
1037 2874 1102 2932 in
1160 2873 1440 2951 predicta
1479 2873 2029 2951 perambulacione
2077 2873 2369 2934 facienda
2424 2893 2637 2934 coram
2694 2892 2796 2935 me

329 2986 804 3049 consenserunt,
835 2997 910 3038 eo
947 2979 1132 3057 quod,
1163 2987 1418 3058 propter
1450 2980 1857 3058 excepciones
1891 2981 2195 3059 quasdam
2234 2989 2455 3040 contra
2489 2980 2795 3059 quosdam

331 3084 562 3145 milites
617 3084 724 3165 qui
780 3084 1013 3145 ibidem
1072 3085 1488 3145 interfuerunt
1546 3104 1622 3145 ex
1680 3092 1862 3163 parte
1923 3084 2188 3163 predicti
2258 3085 2430 3145 Petri
2492 3084 2797 3163 objectas,

331 3189 484 3249 alios
544 3190 866 3268 juraturos
926 3190 1207 3250 invenire
1269 3210 1393 3250 non
1453 3190 1650 3268 potui,
1703 3190 1848 3251 licet
1907 3190 2225 3269 predictus
2300 3191 2653 3271 Episcopus
2712 3193 2797 3253 ad

329 3314 662 3357 nnmerum
717 3296 802 3375 xij
863 3296 1134 3355 militum
1195 3295 1399 3374 gladio
1457 3297 1807 3356 cinctorum
1864 3295 1944 3356 ad
1998 3296 2348 3375 predictam
2397 3299 2794 3385 perambula·

333 3402 574 3464 cionem
659 3402 1008 3463 faciendam
1105 3402 1552 3480 perficiendum
1652 3404 1716 3461 in
1816 3402 2123 3463 Brianum
2207 3402 2287 3463 de
2382 3403 2793 3483 Bromptone,

334 3508 684 3569 Walterum
767 3508 846 3569 de
928 3509 1334 3587 Bromptone‚
1406 3516 1470 3569 et
1538 3510 1846 3569 Brianum
1914 3509 2077 3569 filios
2148 3529 2315 3581 suos,
2392 3510 2646 3582 milites,
2732 3522 2799 3573 et

331 3626 590 3694 nepotes
633 3614 782 3675 dicti
824 3616 1062 3674 domini
1107 3614 1296 3686 Petri,
1343 3616 1798 3685 consensisset;
1844 3614 2011 3695 quod
2054 3616 2219 3675 idem
2270 3616 2497 3675 Petrus
2538 3616 2793 3695 penitus

222 3765 231 3774 .
329 3723 661 3783 recusavit.
746 3722 834 3781 Et
876 3740 1019 3781 cum
1064 3721 1328 3800 predicti
1369 3721 1476 3800 xij,
1513 3730 1646 3781 tam
1690 3722 1919 3781 milites
1961 3740 2147 3800 quam
2189 3721 2315 3792 alii,
2351 3722 2543 3799 jurati
2585 3728 2799 3783 essent

331 3848 438 3907 per
508 3819 842 3989 JYerm
879 3828 1137 3887 Domini
1180 3827 1368 3906 Regis
1402 3828 1483 3887 ad
1521 3827 1869 3906 predictam
1901 3827 2519 3906 perambulacionem
2562 3828 2795 3887 facien·

330 3934 493 4005 dam,
526 3940 591 3994 et
633 3944 780 4013 post
819 3934 1178 4012 juramento
1220 3935 1558 3993 eorundem
1600 3940 1787 4011 prout
1832 3934 2024 3993 moris
2067 3940 2163 3993 est
2212 3934 2455 3994 onerati
2498 3933 2580 3995 ad
2618 3933 2793 3995 illam

330 4039 940 4118 perambulacionem
1026 4038 1292 4099 fideliter
1380 4040 1751 4110 faciendam,
1836 4040 1957 4118 ipsi
2048 4040 2137 4099 sic
2234 4041 2428 4118 jurati
2511 4041 2593 4101 ad
2677 4042 2797 4103 hoc

330 4146 684 4207 faciendum
741 4166 779 4205 a
833 4164 932 4205 me
985 4154 1378 4206 recesserunt
1403 4164 1418 4215 ;
1477 4153 1541 4205 et
1594 4145 1997 4225 postmodum
2054 4146 2269 4206 habito
2334 4148 2498 4207 inter
2540 4148 2794 4210 eosdem

326 4251 566 4329 juratos
607 4256 892 4312 tractatu
931 4270 1118 4329 super
1171 4250 1280 4311 illo
1321 4252 1597 4330 negoci0,
1645 4251 1726 4312 ad
1776 4272 1875 4312 me
1931 4252 2159 4312 reversi
2220 4260 2390 4324 sunt,
2438 4263 2793 4316 asserentes

329 4377 394 4418 se
434 4359 610 4418 nullo
653 4356 842 4418 modo
881 4357 1495 4435 perambulacionem
1544 4358 1718 4418 illam
1762 4357 1966 4419 facere
2015 4360 2193 4430 velle,
2250 4365 2389 4419 tum
2445 4360 2613 4441 quod
2668 4382 2797 4423 non

331 4464 648 4525 habebant
690 4470 931 4525 certum
975 4483 1308 4524 numerum
1349 4465 1433 4542 xij
1479 4464 1752 4525 militum
1793 4466 2000 4543 gladio
2042 4465 2414 4537 cinctorum,
2448 4472 2582 4525 tum
2627 4467 2797 4547 quod

328 4571 644 4649 predictus
705 4570 934 4630 Petrus
995 4570 1060 4629 in
1118 4570 1430 4649 predictos
1485 4576 1612 4631 tres
1667 4570 1895 4631 liberos
1956 4578 2019 4629 et
2076 4570 2306 4648 legales
2369 4571 2659 4633 homines
2717 4573 2796 4634 de

329 4676 626 4756 predictis
681 4675 768 4754 xij
828 4683 980 4736 tunc
1037 4675 1236 4735 noluit
1291 4677 1665 4747 consentire,
1710 4675 1857 4737 licet
1913 4676 2069 4737 alias
2113 4694 2324 4736 coram
2374 4696 2476 4736 me
2516 4677 2582 4736 in
2623 4677 2795 4756 ipsos

330 4784 790 4855 consensisset3
873 4782 1042 4843 unde
1109 4782 1244 4860 ipse
1318 4781 1610 4842 dominus
1681 4783 1909 4843 Petrus
1986 4781 2130 4843 inde
2220 4782 2499 4855 recessit,
2571 4785 2793 4845 nolens

329 4888 858 4967 perambulacioni
911 4888 1004 4948 illi
1058 4887 1380 4960 interesse,
1425 4888 1516 4948 ita
1569 4888 1737 4968 quod
1793 4887 2255 4967 perambulacio
2314 4886 2423 4947 illa
2479 4894 2614 4948 tam
2674 4908 2787 4968 per
