3459 5617
641 499 759 557 274
1300 498 1655 577 Reqistrum
1712 498 1932 559 Thema
1986 498 2060 558 de
2118 497 2448 577 Cantilupo

637 720 973 781 subsecuta
1020 720 1244 782 relacio
1292 721 1597 792 litteralis,
1648 721 1886 782 scilicet
1926 723 2004 782 de
2051 721 2385 782 visitando¹
2431 740 2652 782 omnes
2706 727 2772 782 et
2821 720 3100 800 singulos

637 826 1032 897 Cardinales;
1074 827 1477 905 postmodum
1520 834 1729 889 tamen
1775 826 2114 887 deliberato
2155 826 2415 887 consilio
2448 826 2899 906 perpendimus
2936 826 3098 905 quod

638 930 757 991 hoc
810 932 1172 1009 gravamina
1220 931 1571 991 debitorum
1628 937 1691 992 et
1740 930 2162 1011 Episcopatus
2211 931 2454 992 exilitas
2495 951 2624 992 non
2679 931 3098 1011 permittunt;

636 1056 873 1105 verum,
937 1036 1083 1115 quia
1150 1036 1591 1107 intelleximus,
1656 1036 1851 1096 immo
1913 1038 2165 1108 scimus,
2229 1038 2396 1116 quod
2463 1038 2724 1116 negocia
2781 1036 2848 1095 in
2913 1037 3102 1097 Curia

636 1142 895 1203 minime
954 1149 1402 1221 promoventur
1456 1142 1579 1203 nisi
1636 1143 1701 1201 in
1764 1142 2037 1222 generali
2097 1144 2195 1204 vel
2259 1142 2513 1222 speciali
2575 1142 2763 1203 fuerit
2825 1142 3096 1215 visitata,

632 1254 966 1328 propterea
1027 1248 1106 1309 ad
1164 1254 1381 1309 nostra
1442 1249 1699 1329 negocia
1757 1248 2140 1327 expedienda
2200 1268 2314 1329 per
2372 1249 2615 1309 litteras
2677 1254 3098 1309 mercatorum

636 1354 1115 1415 Pistoriensium
1142 1353 1317 1415 vobis
1351 1354 1663 1414 mittimus
1696 1358 1952 1414 centum
1987 1353 2176 1415 libras
2215 1354 2652 1433 sterlingorum
2687 1354 2754 1413 in
2783 1353 3099 1433 sterlingis

634 1460 734 1520 vel
788 1460 1043 1539 grossis²
1089 1459 1553 1520 Turonensibus
1601 1459 2027 1539 recipiendas;
2085 1458 2266 1539 cujus
2314 1459 2578 1539 pecunie
2620 1478 2888 1529 summa,
2932 1464 2998 1520 et
3045 1458 3098 1519 si

634 1565 879 1626 modica
934 1566 1234 1637 videatur,
1292 1566 1587 1645 prodesse
1644 1571 1857 1627 tamen
1911 1566 2144 1646 poterit
2199 1566 2452 1626 caucius
2515 1565 2869 1636 distributa,
2933 1565 3099 1645 quod

630 1671 866 1751 judicio
914 1671 1327 1751 quorumdam
1383 1671 1517 1731 fieri
1571 1672 1804 1750 poterit
1860 1672 1923 1730 in
1981 1672 2150 1731 hunc
2205 1671 2496 1742 modum;
2567 1671 2875 1741 videlicet,
2933 1670 3099 1749 quod

634 1776 925 1837 dominus
982 1777 1189 1857 Hugo‚
1235 1776 1531 1857 Anglicus
1588 1776 1954 1848 cardinalis,
2015 1776 2243 1837 habeat
2304 1796 2423 1835 xxx
2469 1795 2732 1846 marcas,
2786 1776 3098 1836 Dominus

634 1882 969 1953 Gerardus,
1005 1881 1370 1954 cardinalis,
1402 1881 1648 1942 auditor
1680 1888 1912 1953 noster,
1951 1902 1989 1942 x
2022 1882 2212 1942 libras
2245 1886 2309 1942 et
2343 1902 2458 1941 sua
2491 1880 2727 1941 familia
2760 1900 2804 1941 v
2833 1900 3093 1951 marcas,

633 1985 946 2046 Dominus
979 1985 1306 2046 Mattheus
1340 1985 1587 2057 Ruffus,
1622 1985 1989 2057 cardinalis,
2025 2006 2064 2044 x
2099 2005 2357 2057 marcas,
2395 1985 2708 2046 Dominus
2741 1986 2781 2046 J
2784 1986 3098 2057 ordanus,⁸

632 2090 999 2163 CardinaIiS,
1056 2111 1095 2151 x
1144 2110 1405 2163 marcas,
1450 2090 2011 2152 vicecancellarius
2059 2112 2140 2151 xv
2179 2091 2387 2163 libras,
2435 2090 2700 2151 Auditor
2747 2092 3093 2151 contradic·

628 2200 839 2257 torum
876 2218 916 2257 x
957 2216 1217 2269 marcas,
1262 2198 1338 2257 B.
1376 2199 1455 2257 de
1493 2196 1777 2276 Neapoli,
1817 2203 1882 2257 et
1923 2197 2084 2259 alius
2119 2198 2402 2259 notarius
2441 2198 2640 2278 magis
2677 2198 2991 2259 excellens
3031 2204 3096 2259 et

633 2304 907 2364 Domino
950 2305 1121 2383 Pape
1163 2304 1362 2383 magis
1403 2303 1709 2383 specialis,
1745 2323 1824 2363 xx
1865 2323 2108 2364 marcas
2149 2323 2262 2382 pro
2300 2303 2506 2384 equali
2542 2303 2838 2382 porcione
2851 2322 2866 2374 ;
2914 2303 3096 2364 Cubi-

635 2410 906 2469 cularius
948 2409 1204 2469 Domini
1246 2409 1417 2489 Pape
1458 2428 1497 2468 x
1538 2428 1799 2479 marcas,
1850 2409 2190 2470 hostiarius
2233 2409 2492 2470 Domini
2539 2409 2712 2489 Pape
2761 2409 2824 2468 xl
2867 2409 3100 2471 solidos

629 2515 1087 2595 sterlingorum.
1174 2514 1327 2576 Aliis
1364 2514 1611 2575 videtur
1658 2514 1826 2595 quod
1864 2535 1902 2575 a
1943 2534 2190 2576 summa
2230 2514 2752 2576 vicecancellario
2795 2514 3101 2593 deputata

626 2625 897 2699 possunt
952 2621 1195 2682 detrahi
1250 2642 1291 2681 v
1346 2640 1571 2693 marce,
1628 2622 1718 2681 ita
1786 2620 1954 2701 quod
2011 2621 2239 2682 habeat
2300 2642 2340 2681 x
2401 2640 2643 2682 marcas
2708 2626 2997 2692 tantum;
3060 2641 3099 2681 a

627 2726 871 2787 duobus
919 2727 1179 2789 notariis
1228 2734 1292 2789 et
1342 2727 1736 2789 Cubiculario
1785 2728 1955 2807 Pape
2003 2732 2270 2807 possunt
2319 2726 2602 2788 subtrahi
2651 2727 2735 2807 vij
2781 2748 2994 2788 marce
3035 2732 3098 2787 et

630 2830 906 2903 dimidia,
950 2833 1040 2893 ita
1080 2834 1247 2913 quod
1288 2833 1548 2914 quilibet
1596 2834 1863 2895 istorum
1912 2833 2140 2893 habeat
2189 2839 2456 2894 tantum.
2553 2834 2639 2893 Et
2681 2834 2772 2893 ita
2814 2853 3094 2895 remane·

627 2935 787 2996 bunt
822 2937 899 2997 de
934 2937 982 2999 G
1020 2937 1195 2999 libris
1231 2939 1420 3018 xxxiij
1461 2959 1669 2999 marce
1706 2945 1772 3000 et
1811 2939 2106 2999 dimidia.⁴
2189 2939 2344 3001 Aliis
2377 2938 2624 3001 videtur
2657 2940 2825 3018 quod
2859 2939 3095 3000 bonum

630 3049 798 3105 esset
865 3045 1174 3124 respicere
1242 3046 1499 3125 Papam,
1564 3043 1663 3106 cui
1735 3050 1832 3106 est
1900 3043 2221 3107 familiaris
2284 3044 2808 3124 Archiepiscopus
2871 3064 2912 3104 a
2974 3064 3096 3123 quo

631 3150 997 3229 appellatur,
1047 3151 1114 3210 in
1168 3150 1230 3211 xl
1284 3150 1384 3211 vel
1438 3151 1459 3210 l
1516 3150 1760 3221 marcis,
1818 3155 1915 3211 tot
1967 3150 2142 3229 prius
2199 3150 2622 3211 subtrahendo
2671 3155 2826 3229 quot
2883 3155 3095 3211 essent

628 3274 943 3316 summam
999 3261 1407 3317 memoratam
1469 3256 1735 3335 pecunie
1796 3255 2123 3335 recepturi.
2219 3256 2279 3315 N
2283 3256 2418 3317 obis
2481 3256 2790 3335 siquidem
2847 3256 3094 3317 videtur

628 3362 797 3438 quod
831 3358 1035 3421 media
1062 3359 1164 3420 via
1196 3364 1293 3420 est
1327 3359 1526 3439 magis
1567 3359 1846 3439 proficua
1886 3365 1950 3420 et
1991 3360 2290 3432 honesta;
2335 3360 2485 3420 dum
2526 3365 2742 3421 tamen
2781 3360 2838 3421 si
2879 3380 3090 3422 neces-

629 3467 785 3529 sitas
845 3470 1081 3545 urgeat,
1125 3466 1299 3544 Papa
1360 3464 1425 3523 in
1489 3464 1695 3545 aliquo
1759 3465 2128 3546 respiciatur
2185 3468 2351 3546 quod
2413 3466 2532 3527 sibi
2579 3467 2826 3546 placeat
2875 3488 2916 3528 a
2969 3488 3091 3548 quo

627 3571 837 3635 omnis
902 3572 1110 3651 gracia
1170 3572 1516 3633 dinoscitur
1583 3572 1950 3652 dependere.
2076 3572 2219 3633 Hoc
2277 3578 2490 3634 tamen
2549 3574 2716 3652 quod
2777 3575 2857 3635 de
2921 3576 3090 3653 Papa

630 3670 959 3731 scribimus
1016 3668 1195 3729 nobis
1256 3689 1384 3729 non
1454 3673 1550 3729 est
1600 3669 1788 3741 cordi,
1839 3669 1961 3730 nisi
2016 3669 2084 3728 in
2146 3670 2394 3731 defectu
2463 3670 2630 3731 illius
2686 3671 2839 3731 facti
2902 3692 3087 3733 causa

629 3782 846 3837 nostra
902 3779 1119 3836 contra
1177 3774 1592 3837 Assavensem
1650 3782 1714 3837 et
1757 3776 1877 3837 alia
1920 3782 2136 3837 nostra
2177 3778 2434 3857 negocia
2474 3778 2540 3837 in
2587 3778 2867 3856 periculo
2903 3778 3085 3839 exist-

626 3886 805 3943 erent
862 3881 1211 3942 manifest0.
1312 3881 1616 3955 Quocirca
1684 3882 1842 3942 bene
1903 3882 2204 3944 vellemus
2266 3884 2434 3963 quod
2501 3883 2743 3963 prefato
2813 3884 3087 3947 Domino

626 3988 689 4047 xl
732 3988 830 4049 vel
871 3988 891 4046 1
936 4007 1176 4048 marcas
1216 3986 1315 4047 vel
1358 3992 1664 4049 marcatas
1706 3988 1773 4047 in
1813 3988 2116 4068 jocalibus
2163 3990 2539 4069 presentetis
2578 3989 2798 4069 pocius
2839 3990 3086 4052 novicio

628 4094 973 4154 mutuando
1016 4112 1204 4173 quam
1253 4093 1331 4153 de
1373 4092 1729 4172 supradicta
1771 4112 2019 4154 summa
2058 4098 2303 4173 partem
2345 4094 2620 4173 aliquam
2661 4094 3085 4169 subtrahatis;

628 4199 707 4258 ad
776 4198 943 4278 quod
1011 4202 1302 4258 mutuum
1370 4198 1869 4259 contrahendum
1936 4198 2112 4259 vobis
2188 4218 2316 4259 non
2387 4198 2698 4259 mittimus
2768 4199 3086 4279 signetum

628 4308 933 4374 nostrum,
965 4302 1111 4382 quia
1150 4322 1279 4363 non
1320 4302 1630 4363 credimus
1671 4304 1839 4382 quod
1879 4304 1999 4365 hoc
2039 4304 2241 4365 facere
2281 4322 2398 4364 nos
2441 4308 2727 4383 oporteat
2767 4304 2894 4367 ista
2933 4306 3086 4369 vice.

630 4408 1013 4469 Mercatores
1082 4414 1295 4470 tamen
1355 4407 1789 4479 Pistorienses,
1861 4429 2004 4469 cum
2074 4409 2326 4489 aliquali
2394 4408 2780 4489 obligacione
2849 4419 3085 4484 nostra,

628 4514 940 4575 credimus
975 4515 1053 4574 ad
1088 4515 1419 4575 comodum
1450 4520 1738 4574 nostrum
1773 4515 1953 4576 nobis
1987 4534 2297 4575 summam
2332 4519 2508 4574 tante
2541 4514 2806 4593 pecunie
2839 4523 3086 4577 mutua-

750 4631 1048 4674 l--Visitare
1086 4632 1127 4673 Is
1162 4632 1245 4673 the
1281 4632 1420 4673 usual
1456 4631 1752 4679 euphemism
1789 4630 1864 4673 for
1898 4632 1978 4674 tbe
2013 4630 2133 4673 offer
2157 4630 2208 4673 of
2233 4632 2315 4673 the
2339 4630 2458 4678 sifts
2483 4631 2710 4679 expected
2738 4632 2800 4679 by
2826 4632 3092 4677 influenti-1

624 4690 909 4730 personages
936 4686 989 4723 at
1018 4684 1163 4723 Rome
1190 4681 1313 4722 from
1339 4682 1519 4723 suitors
1546 4682 1593 4722 in
1619 4683 1703 4723 the
1728 4683 1876 4723 court
1901 4694 1956 4724 or
1981 4682 2259 4724 candidates
2285 4680 2360 4723 for
2385 4680 2533 4723 office.

748 4731 1039 4774 2—Grossis.
1115 4732 1212 4773 The
1249 4730 1391 4772 silvet-
1423 4738 1537 4777 gros
1574 4730 1625 4773 of
1658 4733 1811 4773 Tours
1849 4744 1950 4774 was
1994 4733 2135 4773 much
2172 4732 2219 4772 in
2259 4744 2358 4773 use.
2438 4730 2683 4778 Fifty-two
2719 4730 2770 4774 of
2805 4734 2945 4776 these
2971 4746 3092 4777 were

620 4782 895 4829 exchanged
922 4780 997 4823 for
1022 4794 1053 4823 a
1078 4782 1215 4822 mark
1240 4781 1287 4821 in
1317 4780 1597 4823 Swinfield's
1622 4781 1741 4823 time
1766 4780 2060 4825 (Household
2089 4783 2204 4829 Roll.
2234 4794 2276 4828 p.
2308 4777 2410 4827 127).

747 4832 1078 4877 s-uordanus.
1104 4831 1315 4872 cardinal
1351 4830 1528 4873 deacon
1563 4830 1612 4873 of
1652 4832 1723 4873 st.
1754 4833 1976 4878 Eustace.
2005 4832 2098 4873 had
2135 4844 2165 4875 ει
2199 4832 2364 4879 yearly
2389 4830 2584 4878 pensiori
2618 4829 2669 4873 of
2703 4836 2892 4880 twenty
2927 4832 3089 4875 marks

622 4880 749 4924 from
777 4880 1029 4923 Peckham.
1088 4880 1217 4927 (Rea.
1250 4882 1335 4925 111.
1360 4880 1465 4927 873).

749 4933 973 4973 4-There
998 4942 1199 4978 appears
1224 4934 1276 4973 to
1302 4930 1358 4972 be
1384 4942 1515 4972 some
1541 4929 1746 4973 mistake
1773 4930 1820 4971 in
1845 4931 1928 4973 the
1953 4929 2128 4979 figures
2152 4930 2290 4977 niven
