3459 5617
349 1675 449 1718 1³01.
476 1677 526 1716 8⁴

647 493 769 554 238
1303 489 1666 568 »Reqistrum
1721 488 1943 549 Thema
1996 487 2071 548 dc
2127 487 2459 566 Cantilupo

815 717 1106 786 Thomas,
1150 719 1290 786 etc„
1334 715 1590 775 Decano
1633 714 1710 774 de
1756 713 2035 783 Foresta,
2080 711 2367 782 salutem,
2410 716 2528 772 etc.
2612 709 2694 770 In
2734 709 3123 770 visitacioni-

655 821 773 882 bus
820 820 1105 901 pluribus
1153 821 1460 881 hactenus
1508 819 1691 880 factis
1739 818 1807 878 in
1855 818 2117 880 ecclesia
2156 817 2497 898 parochiali
2537 817 2617 878 de
2658 816 3127 896 Chyrchamme

653 927 1011 987 invenimus
1049 947 1163 1005 pro
1196 925 1512 986 constanti
1549 924 1853 986 vicarium
1890 930 1954 985 et
1991 923 2325 984 diaconum
2365 922 2650 1002 ejusdem
2690 921 2971 992 ecclesie,
3014 920 3125 1002 qui

655 1051 771 1111 pro
816 1036 1098 1110 tempore
1141 1029 1414 1101 fuerunt,
1444 1034 1592 1090 ante
1624 1029 1883 1090 ultimos
1927 1028 2061 1089 dies
2106 1027 2370 1098 Andree,
2401 1027 2718 1107 quondam
2746 1026 2964 1088 vicarii
3001 1025 3125 1086 loci

652 1137 954 1216 ejusdem,
1005 1136 1071 1195 in
1116 1135 1394 1195 manerio
1450 1133 1712 1195 Abbatis
1768 1139 1832 1194 et
1887 1134 2252 1195 Conventus
2312 1132 2704 1194 Gloucestrie
2756 1133 2938 1212 juxta
2982 1151 3123 1212 pre-

653 1241 852 1302 fatam
906 1239 1233 1300 ecclesiam
1289 1242 1751 1300 commorantes
1804 1236 2017 1308 fuisse,
2048 1242 2127 1298 et
2176 1238 2257 1297 ad
2304 1257 2589 1298 mensam
2637 1256 2873 1306 eorum,
2924 1256 3124 1316 eoque

654 1351 939 1424 tempore
993 1344 1257 1404 eandem
1311 1341 1637 1404 ecclesiam
1694 1341 1922 1403 debitis
1976 1347 2041 1403 et
2095 1342 2338 1404 devotis
2386 1341 2702 1421 obsequiis
2755 1341 3122 1420 precellere;

653 1458 722 1514 et
775 1452 1050 1521 tandem,
1092 1470 1207 1530 pro
1260 1449 1534 1510 utilitate
1588 1448 1804 1509 vicarii
1859 1453 1924 1508 et
1971 1448 2215 1510 diaconi
2270 1449 2694 1529 predictorum
2750 1468 2825 1508 ac
2879 1447 3123 1527 religio-

655 1577 870 1620 sorum
925 1556 1224 1636 ipsorum,
1281 1560 1516 1616 certam
1577 1554 1957 1634 porcionem,
2016 1554 2093 1614 de
2154 1554 2493 1616 earundem
2552 1553 2840 1633 parcium
2902 1557 3127 1613 mutuo

657 1681 987 1732 consensu,
1037 1661 1115 1722 de
1169 1660 1351 1722 bonis
1406 1659 1686 1739 ipsorum
1740 1659 2173 1739 religiosorum
2227 1659 2306 1719 ad
2360 1679 2520 1738 opus
2576 1658 2859 1738 ejusdem
2909 1659 3125 1718 vicarii

654 1769 1038 1848 assignatam
1079 1767 1290 1838 fuisse,
1334 1787 1459 1847 qua
1499 1767 1564 1825 in
1605 1765 1859 1846 propria
1899 1785 2121 1828 mensa
2162 1785 2230 1828 se
2272 1766 2511 1826 alerent
2553 1771 2729 1826 extra
2771 1766 3121 1826 manerium

657 1873 1081 1944 antedictum;
1143 1878 1402 1953 propter
1461 1872 1628 1952 quod
1686 1872 1893 1934 dictus
1953 1871 2250 1943 Andreas,
2310 1877 2375 1934 et
2436 1872 2574 1952 ejus
2632 1893 2961 1934 successor
3016 1872 3125 1952 qui

654 1981 788 2061 jam
836 1979 1153 2040 ministrat
1203 1979 1270 2038 in
1320 1979 1457 2058 ipsa
1513 1978 1794 2050 ecclesia,
1837 1980 2003 2058 apud
2059 1978 2387 2040 ecclesiam
2442 1979 2519 2039 de
2569 1979 2829 2057 Balleye
2868 1979 3127 2058 penitus

657 2089 1137 2156 commorantes,
1180 2089 1252 2145 ut
1300 2084 1500 2164 magis
1549 2084 1668 2145 sibi
1715 2090 2062 2164 parcerent,
2108 2086 2441 2145 diaconum
2489 2085 2827 2145 noluerunt
2876 2085 3126 2156 habere,

657 2197 723 2254 et
771 2191 972 2270 ipsam
1023 2189 1351 2252 ecclesiam
1401 2189 1727 2250 matricem
1776 2189 1854 2250 de
1904 2189 2410 2269 Chyrchhamme
2458 2189 2693 2269 absque
2733 2189 3023 2251 custodia
3064 2194 3129 2251 et

657 2295 869 2358 debito
911 2295 1114 2356 officio
1155 2315 1354 2375 usque
1393 2315 1580 2366 nunc,
1623 2315 1753 2355 non
1796 2295 2031 2375 absque
2072 2295 2413 2356 multarum
2454 2295 2805 2354 animarum
2848 2295 3127 2374 periculo

657 2407 723 2463 et
781 2401 902 2462 Dei
960 2401 1385 2471 irreverencia,
1446 2400 1837 2461 dimiserunt.
1950 2401 2255 2475 Quocirca
2322 2399 2499 2461 vobis
2568 2400 2945 2460 mandamus
3003 2400 3125 2461 dis·

658 2507 845 2568 tricte
879 2507 1177 2586 quatinus
1210 2505 1412 2567 dictos
1438 2505 1761 2584 religiosos
1794 2506 2092 2566 canonice
2120 2505 2429 2566 moneatis
2456 2505 2643 2585 quod,
2672 2505 2831 2565 citra
2864 2505 3125 2565 Festum

661 2611 1192 2674 Annunciacionis
1274 2611 1621 2683 Dominice,
1694 2632 1902 2672 aream
1984 2617 2445 2691 competentem
2514 2631 2709 2690 prope
2776 2610 3122 2681 ecclesiam,

660 2740 872 2781 acram
927 2724 991 2780 et
1046 2719 1368 2778 dimidiam
1424 2719 1851 2779 continentem
1909 2719 1988 2779 ad
2038 2719 2263 2788 minus,
2315 2718 2380 2777 in
2436 2738 2561 2798 qua
2608 2717 2877 2778 vicarius
2924 2716 3123 2796 possit

662 2826 882 2886 domos
923 2823 1126 2885 facere
1167 2828 1231 2885 et
1273 2824 1518 2895 morari,
1564 2824 1740 2885 vobis
1782 2825 2121 2903 assignent,
2161 2830 2225 2884 et
2267 2824 2433 2904 quod
2473 2824 2551 2884 de
2585 2823 2793 2903 aliquo
2826 2821 3123 2883 meremio

663 2931 744 2991 ad
791 2929 1208 2991 edificandum
1263 2929 1646 3009 competenti
1701 2929 2003 2989 vicarium
2058 2929 2381 2990 inveniant
2436 2929 2722 2999 eundem,
2787 2933 2897 2988 aut
2960 2927 3123 3006 quod

662 3037 822 3098 citra
862 3036 1028 3096 idem
1069 3040 1321 3114 tempus
1362 3035 1663 3096 vicarium
1706 3040 1771 3096 et
1820 3036 2152 3096 diaconum
2202 3036 2282 3096 ad
2322 3055 2507 3096 suum
2548 3034 2897 3095 manerium
2942 3039 3007 3094 et
3047 3033 3124 3094 ad

661 3160 966 3213 mensam,
1019 3141 1180 3202 sicut
1239 3141 1388 3201 olim
1448 3146 1907 3202 consueverunt
1964 3161 2120 3213 esse,
2169 3146 2513 3212 resumant,
2561 3140 2876 3220 porcionis
2934 3139 3121 3218 assig-

664 3247 927 3308 nacione
995 3247 1278 3318 rescissa,
1343 3246 1459 3308 sub
1526 3267 1690 3326 pena
1758 3247 1819 3306 xl
1882 3247 2223 3308 solidorum
2278 3248 2333 3308 si
2387 3266 2587 3326 usque
2642 3247 2721 3306 ad
2775 3245 3122 3324 predictum

664 3358 915 3432 tempus
983 3352 1173 3431 hujus
1240 3353 1523 3431 opcionis
1593 3353 1944 3413 membrum
2012 3358 2349 3432 utrumque
2417 3352 2669 3414 effectui
2738 3351 3123 3431 neglexerint

663 3458 1038 3538 mancipare.
1125 3458 1192 3518 Si
1229 3464 1460 3528 tamen,
1500 3464 1571 3518 ut
1609 3459 1847 3519 dictum
1886 3464 2001 3529 est,
2036 3479 2245 3519 aream
2283 3463 2746 3538 competentem
2783 3458 3121 3537 assignent,

661 3564 953 3625 volumus
1003 3564 1168 3643 quod
1217 3563 1284 3622 in
1334 3564 1988 3642 recompensacionem
2036 3583 2195 3635 aree,
2240 3563 2317 3624 de
2370 3563 2665 3643 porcione
2706 3563 2922 3623 vicarii
2977 3562 3119 3622 allo-

665 3670 984 3732 cacionem
1066 3668 1411 3738 deducant;
1482 3667 1634 3728 dum
1703 3673 1917 3729 tamen
1985 3669 2301 3748 porcionis
2369 3668 2708 3738 residuum,
2780 3668 3121 3730 secundum

665 3775 996 3836 facultates
1037 3773 1314 3844 ecclesie,
1345 3773 1424 3832 ad
1465 3774 1998 3834 sustentacionem
2026 3773 2240 3834 vicarii
2283 3778 2347 3834 et
2388 3772 2634 3833 diaconi
2666 3771 3123 3832 racionabiliter

663 3881 948 3942 sufficere
974 3880 1276 3940 videatur.
1359 3879 1526 3939 Item
1567 3880 1877 3940 moneatis
1918 3879 2120 3940 dictos
2153 3878 2474 3958 religiosos
2502 3884 2567 3939 et
2598 3878 2902 3938 vicarium
2941 3877 3119 3957 quod,

664 3986 823 4047 citra
861 3986 1213 4065 predictum
1262 3984 1523 4044 Festum
1566 3984 2114 4055 Annunciacionis,
2159 3985 2415 4045 calicem
2464 3984 2530 4043 in
2580 3983 2842 4044 ecclesia
2892 4003 3118 4044 memo-

663 4098 802 4153 rata
854 4091 1240 4171 provideant,
1304 4090 1410 4170 qui
1467 4090 1763 4151 continue
1819 4089 2049 4150 ibidem
2099 4094 2458 4161 remaneat;
2522 4109 2596 4149 ac
2644 4109 2789 4149 cum
2836 4089 3119 4168 provisus

599 4249 606 4256 .
661 4198 870 4268 fuerit,
909 4216 1119 4257 coram
1163 4195 1427 4256 Officiali
1467 4200 1684 4256 nostro
1725 4201 1947 4274 postea
1988 4195 2367 4256 discuciatur
2408 4195 2513 4274 qui
2556 4194 2827 4254 eundem
2869 4194 3121 4255 calicem

665 4302 890 4364 debeat
947 4301 1296 4381 acquitate;
1357 4306 1420 4362 et
1477 4301 1598 4361 hoc
1653 4300 2018 4380 injungatur
2073 4300 2189 4362 sub
2242 4321 2408 4380 pena
2462 4300 2749 4379 superius
2804 4305 3119 4361 annotata.
3180 4375 3185 4380 9

665 4401 834 4461 Item
888 4399 1198 4460 moneatis
1255 4399 1493 4458 dictum
1542 4397 1844 4459 vicarium
1894 4399 2078 4477 quod,
2123 4399 2177 4458 si
2224 4418 2434 4458 aream
2477 4396 2639 4456 infra
2687 4397 2931 4457 dictum
2972 4403 3119 4458 tem-

662 4516 786 4577 pus
866 4495 1172 4566 habuerit,
1255 4494 1422 4574 quod
1505 4515 1644 4554 eam
1728 4515 1873 4554 cum
1956 4495 2127 4556 omni
2212 4494 2622 4555 festinacione
2703 4513 2831 4573 qua
2920 4497 3123 4574 potest

665 4593 932 4664 edificet,
982 4598 1045 4653 et
1100 4612 1240 4653 eam
1295 4592 1452 4652 citra
1507 4592 1770 4653 Festum
1827 4593 2011 4654 Beati
2066 4591 2397 4652 Michaelis
2450 4592 2737 4670 proximo
2791 4597 3123 4651 venturum

663 4690 992 4760 inhabitet,
1057 4695 1121 4750 et
1182 4689 1514 4750 diaconum
1578 4689 1696 4750 sibi
1759 4689 2081 4769 provideat
2151 4690 2216 4748 in
2285 4688 2545 4749 ecclesia
2612 4695 3121 4749 commorantem.

667 4789 1153 4867 Crassetumque
1201 4787 1267 4845 in
1316 4787 1453 4865 ipsa
1498 4786 1726 4847 habeat
1775 4787 2072 4848 continue
2126 4787 2352 4847 ardens
2408 4786 2485 4847 de
2532 4790 2735 4856 nocte,
2792 4785 2914 4846 sub
2967 4806 3124 4865 pena

668 4885 1044 4968 privacionis
1092 4883 1318 4944 vicarie
1364 4904 1487 4964 quo
1529 4884 1608 4944 ad
1657 4884 2121 4945 edificacionem
2165 4889 2229 4946 et
2270 4883 2819 4955 inhabitacionem,
2862 4888 2929 4945 et
2968 4903 3124 4962 pena
