3459 5617
1249 493 1550 573 Episcopi
1603 495 2084 575 Herefordensis.
2817 508 2893 569 61

433 713 680 775 faciatis
708 714 880 795 quod
909 716 990 777 ad
1015 715 1337 794 justiciam
1367 718 1638 795 pertinet
1671 722 2017 781 secundum
2053 723 2251 802 legem
2283 732 2347 785 et
2378 729 2899 793 consuetudinem

431 820 599 900 regni
641 822 862 882 nostri.
952 822 1400 884 Mandavimus
1431 830 1646 884 tamen
1677 825 2165 888 Vicecomitibus
2210 832 2440 891 nostris
2481 834 2899 897 comitatuum

429 927 873 1006 predictorum,
900 928 1069 1009 quod
1098 928 1176 989 ad
1207 936 1412 990 certos
1444 929 1579 990 dies
1610 940 1674 991 et
1704 932 1860 1004 loca,
1893 952 2049 1013 quos
2078 934 2168 995 eis
2198 936 2354 996 scire
2393 935 2653 1010 facietis,
2688 944 2899 1003 venire

429 1032 662 1094 faciant
707 1052 921 1094 coram
965 1034 1142 1095 vobis
1186 1039 1282 1095 tot
1318 1041 1382 1096 et
1415 1037 1576 1097 tales
1605 1037 1831 1115 probos
1861 1047 1925 1098 et
1955 1038 2183 1117 legales
2212 1041 2499 1103 homines
2529 1045 2605 1104 de
2636 1047 2897 1109 comita-

426 1139 592 1201 tibus
633 1140 956 1218 predictis,
998 1160 1110 1219 per
1151 1160 1308 1221 quos
1348 1142 1436 1203 rei
1479 1143 1712 1204 veritas
1750 1144 1815 1203 in
1854 1146 2179 1223 premissis
2221 1149 2447 1209 melius
2494 1152 2638 1211 sciri
2666 1154 2897 1230 poterit

423 1253 486 1307 et
529 1246 786 1326 inquiri.
874 1246 950 1305 In
995 1248 1196 1325 cujus,
1245 1254 1366 1308 etc.
1459 1248 1827 1321 Londoniis,
1880 1250 1965 1329 xij
2019 1250 2119 1311 die
2160 1252 2466 1328 Januarii,
2511 1275 2680 1316 anno
2722 1259 2897 1337 regni

423 1352 622 1413 nostri
667 1358 858 1413 sexto.

427 1678 587 1738 Writ
645 1686 704 1739 to
763 1678 860 1739 the
917 1678 1155 1757 Shertff
1189 1670 1259 1757 of
1316 1679 1807 1741 Worcestershire
1862 1680 2162 1760 directinq
2221 1683 2351 1743 him
2407 1691 2464 1744 to
2515 1705 2793 1747 sammon
2847 1708 2891 1748 a

666 1759 830 1837 Jury
859 1760 968 1838 for
1011 1760 1107 1819 the
1152 1760 1435 1821 Justices.

575 1928 948 1991 vicecomiti
980 1928 1316 2007 Wygornie
1359 1929 1650 1989 salutem.
1739 1929 1897 1990 Cum
1942 1930 2469 2009 assignaverimus
2512 1933 2772 1996 dilectos
2814 1942 2880 1997 et

413 2036 631 2097 fideles
680 2044 932 2096 nostros
982 2035 1324 2096 Radulfum
1366 2034 1444 2095 de
1488 2034 1828 2115 Hengham
1874 2042 1937 2097 et
1983 2037 2328 2099 Walterum
2378 2039 2456 2099 de
2505 2039 2761 2120 Helyun
2806 2043 2885 2103 ad

413 2143 734 2225 quandam
792 2141 1290 2221 inquisicionem,
1343 2148 1462 2203 etc.
1525 2143 1604 2222 (v.
1665 2143 1902 2223 supra),
1961 2143 2072 2204 tibi
2138 2145 2515 2224 precipimus
2577 2148 2743 2227 quod
2805 2149 2884 2209 ad

411 2256 618 2311 certos
673 2248 839 2309 diem
897 2254 962 2307 et
1015 2248 1244 2319 locum,
1303 2266 1459 2327 quos
1528 2248 1791 2326 predicti
1861 2249 2171 2310 Radulfus
2241 2259 2305 2311 et
2378 2252 2691 2314 Walterus
2760 2254 2878 2315 tibi

409 2354 568 2417 scire
617 2354 872 2425 facient,
919 2352 1130 2414 venire
1178 2352 1374 2413 facias
1416 2371 1628 2413 coram
1671 2354 1762 2414 eis
1808 2360 1903 2415 tot
1953 2360 2017 2415 et
2067 2357 2227 2416 tales
2266 2356 2493 2435 probos
2536 2365 2598 2419 et
2642 2360 2875 2439 legales

409 2460 699 2521 homines
742 2458 821 2519 de
875 2458 1108 2519 balliva
1160 2462 1293 2528 tua,
1338 2478 1450 2537 per
1506 2478 1662 2537 quos
1717 2458 1808 2519 rei
1864 2461 2095 2521 veritas
2150 2462 2217 2521 in
2272 2464 2593 2541 premissis
2649 2466 2875 2528 melius

409 2567 554 2629 sciri
583 2567 814 2645 poterit
843 2571 908 2625 et
937 2564 1184 2643 inquiri.
1271 2564 1357 2625 Et
1386 2564 1618 2626 habeas
1647 2564 1733 2625 ibi
1763 2566 1882 2626 hoc
1910 2566 2116 2627 breve.
2202 2568 2409 2644 Teste,
2442 2576 2559 2631 etc.

408 2885 555 2945 Jan.
597 2882 1183 2961 27.—Proceedin93
1226 2891 1292 2943 at
1329 2883 1653 2944 Worcester
1694 2885 1765 2945 in
1808 2886 1905 2946 the
1950 2886 2113 2947 Suit.
2207 2888 2449 2950 Verdict
2475 2891 2545 2969 os
2582 2891 2678 2951 the
2708 2892 2871 2971 Jury

654 2964 728 3024 in
755 2965 988 3043 favour
1027 2964 1099 3042 of
1135 2964 1232 3029 the
1275 2964 1528 3044 Bishop.

568 3135 810 3195 Placita
850 3153 1060 3195 coram
1103 3134 1272 3212 Rege
1315 3133 1481 3213 apud
1534 3134 1959 3213 Wygorniam,
2014 3158 2052 3197 a
2102 3138 2201 3199 die
2249 3139 2460 3201 Sancti
2505 3139 2759 3202 Hillarii
2804 3144 2875 3204 in

405 3261 488 3303 xv
527 3241 681 3313 dica,
729 3259 898 3300 anno
939 3239 1113 3319 regni
1158 3240 1347 3319 Regis
1389 3240 1790 3319 E[dwardi],
1836 3242 1947 3301 filii
1992 3244 2181 3323 Regis
2228 3244 2508 3316 Henrici,
2554 3255 2756 3311 sext0.

567 3405 1409 3469 Hsassonns.-—Gilbertus
1457 3406 1534 3467 de
1585 3407 1787 3481 Clare,
1841 3407 2065 3469 Comes
2117 3410 2507 3473 Glouoestrie
2565 3422 2629 3475 et
2675 3416 2867 3477 Hert·

400 3515 615 3584 fordie,
705 3511 1128 3573 summonitus
1215 3512 1332 3572 fuit
1423 3512 1502 3572 ad
1591 3513 2095 3591 respondendum
2190 3516 2451 3590 Thome,
2551 3519 2867 3599 Episcopo

402 3619 875 3691 Herefordensi,
947 3618 1024 3679 de
1091 3617 1326 3696 placito
1395 3637 1608 3697 quare,
1681 3624 1822 3690 etc„
1896 3631 1959 3679 et
2032 3620 2178 3681 inde
2242 3622 2527 3699 producit
2602 3629 2865 3698 sectam,

402 3734 521 3787 etc.
636 3725 725 3783 Et
788 3722 1112 3784 Gilbertus
1182 3740 1292 3799 per
1361 3727 1758 3782 attornatum
1823 3743 2005 3783 suum
2078 3726 2269 3797 venit,
2343 3735 2407 3786 et
2478 3726 2630 3787 dicit
2700 3730 2868 3808 quod

397 3831 663 3912 predicti
726 3829 1036 3890 Radulfus
1092 3834 1154 3887 et
1211 3828 1455 3899 Petrus,
1507 3830 1825 3908 quondam
1882 3830 2179 3909 Episcopi
2240 3832 2737 3896 Herefordenses
2803 3844 2866 3897 et

395 3939 870 4019 predecessores
932 3933 1194 4014 predicti
1251 3934 1490 3994 Thome
1547 3935 1846 4015 Episcopi
1917 3936 2023 4015 qui
2094 3937 2279 3997 modo
2337 3939 2640 4017 queritur,
2702 3961 2861 4001 nun-

396 4065 586 4126 quam
629 4044 984 4103 habuerunt
1028 4041 1288 4102 liberam
1339 4041 1636 4102 Chaciam
1686 4043 1749 4101 in
1794 4042 2091 4121 predictis
2142 4043 2491 4118 dominicis,
2546 4048 2746 4120 terriS,
2800 4054 2864 4111 et

397 4150 602 4213 boscis
635 4150 835 4228 ipsius
877 4146 1178 4225 Episcopi
1221 4153 1285 4207 et
1327 4146 1654 4207 hominum
1697 4168 1952 4208 suorum
1995 4149 2435 4228 predictorum,
2481 4172 2601 4231 que
2644 4156 2857 4232 posuit

397 4260 465 4318 in
511 4258 654 4317 visu
715 4274 831 4317 suo
892 4260 1198 4334 tanquam
1262 4254 1643 4331 pertinentia
1699 4254 1777 4314 ad
1834 4255 2189 4315 Ecclesiam
2256 4275 2437 4316 suam
2493 4259 2861 4336 predictam,

394 4383 512 4424 nec
553 4361 753 4422 eciam
795 4358 1145 4439 predictam
1191 4357 1449 4418 liberam
1494 4359 1796 4420 Chaciam
1840 4360 1955 4420 sibi
2000 4362 2445 4440 appropriavit,
2478 4384 2592 4425 nec
2628 4365 2861 4428 foreste

392 4488 506 4530 sue
548 4466 839 4529 attraxit.
923 4464 1130 4524 Immo
1171 4463 1322 4523 dicit
1365 4464 1530 4543 quod
1575 4465 1880 4525 Ricardus
1924 4466 2001 4525 de
2044 4466 2243 4539 Clare,
2277 4474 2454 4546 pater
2496 4489 2668 4543 suus,
2701 4473 2857 4535 obiit

393 4572 651 4635 seisitus
688 4570 766 4630 de
811 4568 1046 4630 Chacia
1088 4568 1386 4646 predicta,
1420 4572 1823 4648 appropriata
1860 4580 1923 4630 et
1968 4577 2239 4631 attracta
2283 4571 2513 4634 foreste
2543 4577 2859 4654 predicte;

395 4680 564 4742 unde
631 4678 872 4759 precise
940 4676 1090 4736 dicit
1155 4676 1323 4755 quod
1382 4675 1645 4755 predicti
1708 4676 2017 4738 Radulfus
2090 4683 2152 4738 et
2224 4678 2469 4753 Petrus,
2541 4684 2859 4761 quondam

393 4786 696 4867 Episcopi
742 4782 1238 4845 Herefordenses
1279 4788 1342 4842 et
1384 4782 1853 4860 predecessores
1895 4783 2158 4861 predicti
2201 4783 2497 4864 Episcopi
2537 4788 2642 4866 qui
2687 4809 2856 4851 nunc

395 4900 515 4967 est,
543 4910 870 4972 nunquam
899 4889 1153 4949 fuerunt
1193 4887 1258 4946 in
1301 4886 1533 4948 seisina
1576 4888 1652 4947 de
1695 4886 1905 4967 aliqua
1946 4887 2142 4948 libera
2184 4888 2417 4951 Chacia
2457 4892 2523 4950 in
2557 4894 2855 4971 predictis
