3459 5617
1149 496 1450 577 Episcopi
1503 493 1985 575 Herefordensis.
2678 492 2796 552 141

332 723 647 786 Galiridus
695 724 773 784 de
828 721 1145 792 Genevile,
1188 726 1253 781 et
1302 719 1585 790 Matilda,
1628 739 1786 779 uxor
1833 718 1887 798 ej
1895 737 1988 789 us,
2037 716 2376 797 participes
2425 714 2795 776 hereditatis

333 849 448 909 que
500 828 623 889 fuit,
674 826 935 888 Walteri
990 827 1069 887 de
1124 826 1312 904 Lacy,
1369 824 1687 904 quondam
1742 823 1991 902 patroni
2047 821 2309 883 ecclesie
2362 820 2658 900 predicte,
2717 820 2800 881 ad

334 934 529 1013 ipsam
585 932 913 994 ecclesiam
968 930 1225 992 alternis
1267 930 1507 991 vicibus
1564 929 1832 990 debeant
1873 932 2254 1007 presentare,
2300 932 2365 988 et
2421 926 2593 986 nulla
2649 945 2797 986 con-

334 1037 533 1099 tencio
575 1037 723 1098 inde
764 1037 930 1096 inter
969 1055 1077 1097 eos
1120 1041 1229 1095 aut
1272 1035 1427 1095 alios
1470 1034 1535 1093 in
1578 1034 1768 1095 Curia
1809 1039 2042 1103 nostra,
2087 1037 2197 1093 aut
2239 1032 2447 1112 aliqua
2487 1031 2610 1091 alia
2651 1050 2799 1091 con-

336 1143 533 1203 tencio
583 1148 758 1202 mota
806 1142 906 1212 sit,
958 1142 1125 1202 idem
1175 1141 1529 1220 Episcopus
1574 1140 1902 1201 ecclesiam
1951 1139 2124 1199 illam
2171 1138 2633 1209 incumbravit,¹
2671 1158 2799 1213 quo

334 1248 537 1309 minus
580 1248 787 1308 dictus
827 1246 1222 1307 Theobaldus
1259 1246 1799 1326 presentacionem
1839 1265 2038 1317 suam,
2081 1244 2247 1306 sicut
2289 1246 2368 1305 ad
2409 1245 2617 1324 ipsum
2660 1265 2800 1324 per·

336 1353 506 1425 tinet,
551 1352 852 1433 consequi
892 1358 1127 1433 posset,
1173 1352 1238 1411 in
1280 1352 1479 1432 ipsius
1522 1352 1863 1413 Theobaldi
1912 1353 2258 1432 dampnum
2307 1372 2434 1413 non
2483 1353 2804 1413 modicum

336 1464 397 1519 et
445 1478 803 1538 gravamen,
860 1463 933 1518 ut
988 1458 1157 1518 dicit.
1270 1458 1357 1517 Et
1412 1457 1644 1519 habeas
1699 1457 1806 1529 ibi,
1864 1463 1982 1519 etc.
2093 1458 2281 1519 Teste
2336 1458 2577 1538 meipso
2633 1458 2804 1538 apud

337 1564 985 1634 Westmonasterium,
1029 1563 1111 1643 vij
1159 1564 1259 1624 die
1302 1563 1477 1635 Maii,
1528 1584 1695 1624 anno
1745 1564 1986 1643 quinto.

338 1819 1227 1901 Apr.25,1278.—-Mandatc
1276 1826 1333 1880 ιο
1392 1820 1488 1880 the
1536 1819 1774 1897 Official
1815 1826 1872 1880 ιο
1913 1819 2031 1880 cite
2071 1819 2250 1881 Peter
2290 1820 2536 1898 Eymer,
2585 1820 2801 1881 Canon

575 1902 645 1981 of
693 1900 1013 1981 Hercford,
1064 1900 1257 1980 before
1305 1900 1403 1962 the
1451 1900 1688 1980 Bislwp
1736 1907 1792 1961 ιο
1835 1920 2070 1961 answcr
2096 1901 2206 1980 for
2249 1900 2499 1979 holding]
2541 1900 2798 1961 another

578 1981 827 2059 benefice
896 1981 1124 2042 besides
1196 1980 1330 2042 that
1390 1982 1462 2060 os
1515 1981 1779 2052 Morton,
1850 1981 1977 2041 and
2025 1981 2308 2060 sarmin9
2373 1981 2470 2042 his
2524 1980 2796 2061 prebend

576 2062 835 2123 without
884 2062 1147 2131 liemon
1217 2062 1343 2122 and
1412 2069 1470 2121 ιο
1537 2062 1655 2123 cite
1721 2062 1854 2122 also
1918 2061 2184 2141 Stephen
2249 2062 2323 2123 dc
2386 2062 2478 2123 St.
2547 2062 2792 2140 Georgo,

568 2142 905 2223 portionist
958 2144 1028 2223 of
1076 2110 1368 2222 Ifurford,
1412 2144 1523 2222 for
1568 2142 1879 2222 plurality
1935 2143 2005 2222 of
2054 2142 2351 2221 beneficas.

496 2298 759 2360 Coum
814 2298 1217 2357 Mamsmuu
1265 2298 1318 2356 P
1337 2299 1610 2375 [mauu]
1661 2297 1903 2357 Erman
1944 2316 2066 2358 Pno
2107 2315 2556 2359 nummum
2599 2316 2804 2359 nnun-

338 2403 1045 2473 newsum—Thomas,
1104 2407 1242 2473 etc„
1302 2402 1567 2463 Officiali
1624 2422 1741 2463 suo
1799 2402 2088 2474 salutem,
2152 2409 2270 2465 etc.
2384 2404 2606 2465 Gitetis
2665 2424 2805 2483 per·

339 2509 639 2589 emptorie
708 2509 1079 2588 magistrum
1149 2509 1409 2568 Petrum
1472 2508 1725 2587 Eymer,
1791 2509 2182 2571 Canonicum
2251 2508 2802 2583 Herefordensem,

338 2616 580 2695 publice
621 2620 687 2675 et
726 2619 978 2684 testato,
1017 2614 1083 2673 in
1128 2615 1347 2675 eadem
1393 2614 1695 2685 Ecclesia,
1744 2615 1911 2694 quod
1961 2620 2320 2694 compareat
2363 2635 2573 2676 coram
2617 2615 2802 2677 nobis

338 2721 401 2781 in
447 2720 708 2782 Octabis
758 2718 1162 2781 Ascensionis
1211 2718 1561 2789 Dominice,
1612 2717 2008 2798 ubicumque,
2059 2723 2197 2791 etc.,
2251 2738 2684 2798 responsurus,
2735 2726 2802 2781 et

336 2833 704 2889 ostensurus
762 2845 887 2905 quo
941 2826 1079 2904 jure
1141 2824 1469 2885 ecclesiam
1533 2824 1612 2884 de
1669 2824 1964 2885 Mortone
2019 2824 2442 2904 parochialem
2489 2845 2611 2905 que
2665 2846 2805 2905 pre-

336 2932 533 2994 bende
604 2950 717 2991 sue
784 2930 997 2991 existit
1066 2948 1309 2990 annexa
1373 2929 1627 3009 pariter,
1698 2935 1763 2990 et
1831 2930 2146 3010 quoddam
2208 2930 2378 2991 aliud
2431 2930 2806 2992 beneficium

335 3058 475 3100 cum
534 3036 727 3098 simili
784 3056 933 3096 cura
990 3035 1274 3115 optineat
1334 3034 1608 3115 pariter;
1671 3039 1737 3095 et
1800 3054 1912 3095 cur
1971 3036 2234 3097 eandem
2295 3036 2677 3115 prebendam
2726 3038 2810 3099 ad

334 3144 583 3203 firmam
652 3141 909 3202 tradidit
979 3141 1115 3202 sine
1184 3145 1402 3201 nostra
1470 3139 1732 3201 licencia
1794 3141 2066 3220 speciali.
2167 3140 2334 3201 Item
2397 3142 2604 3203 citetis
2666 3163 2805 3222 per-

334 3248 641 3329 emptorie
726 3247 1117 3326 Stephanum
1188 3247 1265 3307 de
1351 3246 1584 3307 Sancto
1652 3246 1940 3325 Georgio,
2010 3246 2472 3326 porcionarium
2547 3248 2809 3311 ecclesie

334 3353 710 3435 parochialis
767 3354 845 3415 de
900 3351 1264 3423 Bureforde,
1316 3352 1481 3432 quod
1531 3358 1891 3433 compareat
1941 3373 2150 3414 coram
2199 3353 2382 3414 nobis
2430 3359 2540 3414 aut
2587 3358 2809 3416 nostro

336 3458 767 3522 commissario
815 3460 1002 3521 modo
1053 3464 1118 3519 et
1167 3458 1266 3520 die
1314 3458 1629 3538 predictis,
1682 3465 2051 3521 ostensurus
2099 3480 2225 3539 quo
2270 3460 2408 3539 jure
2453 3459 2574 3520 alia
2617 3458 2804 3520 bene-

335 3568 473 3628 ficia
529 3586 678 3627 cum
734 3586 883 3626 cura
923 3564 1238 3626 consimili
1294 3570 1507 3626 tenere
1564 3566 1905 3627 contendat
1961 3586 2233 3626 unacum
2276 3566 2417 3627 isto.
2523 3566 2688 3639 Quid
2729 3566 2808 3628 de

336 3673 453 3734 hoc
492 3677 715 3732 nostro
757 3671 1055 3731 mandato
1096 3669 1387 3742 feceritis,
1417 3676 1535 3731 etc.
1621 3672 1858 3731 Datum
1895 3671 2062 3750 apud
2096 3671 2337 3751 Arleye,
2368 3672 2450 3751 vij
2489 3670 2808 3732 Kalendas

340 3778 507 3849 Maii,
554 3775 1069 3838 consecracionis
1112 3781 1327 3837 nostre
1370 3796 1537 3837 anno
1579 3776 1792 3837 tercio.

338 4034 483 4114 Apr.
540 4036 641 4093 25.
644 4030 1023 4091 —Mandate
1080 4037 1137 4091 ιο
1196 4030 1293 4091 the
1352 4030 1591 4109 official
1647 4038 1705 4091 ιο
1761 4030 1880 4092 cite
1935 4032 2033 4092 the
2072 4030 2439 4110 portioni-stc
2481 4032 2552 4111 of
2585 4032 2802 4092 Brom-

578 4112 757 4190 μανά,
795 4111 1103 4189 Ledbury,
1133 4111 1259 4171 and
1301 4110 1505 4172 Oastle
1543 4111 1867 4190 Holdqatc,
1904 4111 2058 4172 with
2096 4111 2194 4172 the
2230 4112 2480 4173 Rectors
2519 4112 2591 4191 of
2622 4111 2802 4191 Hopc

582 4192 842 4264 Man-sel,
900 4192 1311 4263 Witbourne,
1361 4192 1489 4252 and
1548 4193 1606 4252 U
1606 4191 1965 4271 llmqswtck
1996 4194 2106 4273 for
2138 4192 2449 4272 plurality
2491 4193 2618 4253 and
2661 4212 2798 4253 con·

584 4281 845 4351 tumacy.

500 4430 676 4489 Irim
719 4445 971 4488 coum
1012 4444 1263 4488 muns-s
1306 4445 1518 4489 PnunA
1560 4445 1910 4488 6666616111
1954 4446 2294 4488 mansuerus
2338 4445 2422 4487 111·
2464 4445 2594 4487 nou
2631 4445 2808 4487 61161-

342 4550 615 4605 mm'rns,
660 4550 743 4591 m·
785 4549 909 4591 Pno
951 4549 1385 4592 conrumcns
1428 4550 1497 4591 m
1541 4533 2307 4605 ononimus—Thomas,
2355 4537 2494 4604 etc„
2545 4532 2812 4593 Officiali

342 4660 456 4701 suo
496 4638 784 4709 salutem,
826 4642 945 4699 etc.
1058 4638 1237 4698 Licet
1286 4638 1545 4699 Petrum
1587 4646 1651 4699 et
1693 4640 2019 4711 Poncium,
2072 4638 2496 4718 porcionarios
2547 4638 2808 4700 ecclesie

342 4744 719 4825 parochialis
771 4744 849 4804 de
904 4744 1273 4823 Bromyard,
1317 4745 1358 4805 J
1360 4744 1624 4805 acobum
1681 4746 1760 4807 de
1809 4746 1988 4826 Aqua
2033 4745 2294 4817 Blanka,
2346 4744 2808 4824 porcionarium

488 4880 658 4921 l—The
693 4879 949 4921 6616161661
988 4890 1165 4927 sii-epea
1142 4883 1241 4921 rto
1267 4881 1330 4921 ha
1301 4891 1390 4921 ave
1453 4880 1649 4921 tncoeede
1650 4879 1732 4920 di
1737 4880 1900 4922 6161
2020 4880 2090 4921 tio
2173 4878 2249 4921 for
2285 4879 2334 4921 16
2372 4881 2436 4921 Fe
2438 4878 2498 4927 6.,
2537 4880 2648 4926 1278,
2683 4880 2812 4922 John

338 4931 499 4974 dene
500 4931 654 4972 udone
626 4941 821 4972 617661
808 4929 1077 4976 iimttuted.
1101 4930 1291 4971 'Theoba
1292 4930 1422 4971 lddc
1422 4892 1635 4972 ⁸Vedun
1663 4930 1885 4978 beingpa
1885 4933 1995 4972 tren
1993 4884 2266 4971 edac'fcvic.
