3459 5617
642 514 761 573 264
1304 513 1660 593 Reqistrum
1716 514 1938 577 Thema
1991 516 2065 577 dc
2124 516 2456 597 Cantibupo

642 739 1065 799 maneriorum
1108 759 1383 812 suorum,
1414 758 1572 819 quos
1610 740 1884 803 Abbates
1917 741 2316 803 constituunt
2352 747 2417 804 et
2459 743 2810 804 destituunt
2843 764 2961 823 pro
2995 762 3120 805 sue

642 843 1038 924 beneplacito
1066 845 1428 906 voluntatis.
1516 846 1603 905 Et
1635 846 1784 926 quia
1812 845 2091 907 Abbacia
2126 848 2409 926 predicta
2442 849 2520 909 de
2553 848 2930 910 fundacione
2963 869 3120 929 pro·

642 950 992 1029 genitorum
1057 958 1437 1021 nostrorum,
1488 950 1727 1029 Regum
1796 951 2035 1030 Anglie‚
2092 958 2154 1012 et
2216 951 2294 1012 de
2363 952 2646 1031 predicto
2695 952 2978 1014 manerio
3027 973 3120 1015 ex
3175 1006 3192 1021 ,

643 1056 809 1116 dono
864 1056 1034 1135 regio
1092 1056 1443 1136 specialiter
1500 1062 1597 1117 est
1660 1056 1902 1129 dotata,
1962 1063 2218 1136 propter
2278 1058 2447 1138 quod
2507 1058 2586 1120 de
2643 1059 3120 1138 indempnitate

645 1164 909 1225 Abbatis
949 1172 1011 1224 et
1048 1164 1410 1225 Conventus
1446 1182 1520 1223 ac
1559 1162 1832 1224 Abbacie
1867 1162 2165 1242 predicte,
2197 1168 2330 1224 tam
2363 1164 2432 1224 in
2469 1182 2538 1225 se
2571 1184 2759 1243 quam
2802 1164 2868 1223 in
2907 1183 3118 1225 mem·

641 1270 770 1331 bris
820 1270 969 1341 suis,
1020 1268 1246 1329 merito
1295 1288 1515 1329 sumus
1566 1268 1834 1339 solliciti,
1888 1268 2294 1329 attendentes
2346 1269 2514 1349 quod
2557 1289 2633 1331 ex
2683 1272 3118 1349 usui-pacione

641 1382 704 1437 et
759 1375 1219 1455 inquietacione
1274 1374 1557 1455 predicta
1612 1394 1842 1454 magna
1894 1375 2203 1437 dissensio
2259 1382 2322 1437 et
2364 1378 2795 1439 contencionis
2837 1378 3120 1440 materia

640 1482 707 1542 in
741 1482 1063 1561 utriusque
1106 1480 1305 1559 partis
1348 1480 1744 1560 dispendium
1785 1486 2080 1560 poterunt
2114 1481 2416 1553 suboriri;
2461 1482 2922 1543 Paternitatem
2964 1502 3119 1545 ves·

640 1594 809 1649 tram
873 1588 1213 1648 affectuose
1275 1587 1650 1668 requirimus
1713 1593 1777 1647 et
1832 1605 2124 1667 rogamus
2180 1588 2499 1667 quatinus,
2549 1588 2717 1649 viam
2771 1588 2989 1650 litibus
3039 1594 3117 1650 et

643 1693 1058 1754 incommodis
1116 1693 1479 1771 hujusmodi
1531 1700 1804 1773 paterna
1857 1693 2277 1754 sollicitudine
2331 1693 2791 1773 precludentes,
2836 1694 3117 1757 officiali

638 1806 849 1862 vestro
890 1798 1171 1877 predicto
1212 1799 1360 1859 dare
1402 1798 1606 1859 velitis
1647 1798 1712 1859 in
1757 1798 2076 1859 mandatis
2123 1804 2190 1859 ut
2230 1800 2364 1878 ipse
2406 1800 2488 1861 ab
2529 1819 2701 1860 omni
2741 1800 3114 1880 hujusmodi

644 1906 1089 1966 molestacione
1131 1912 1195 1965 et
1236 1904 1698 1984 inquietacione
1733 1905 1934 1965 nostri
1973 1904 2511 1984 contemplacione
2546 1904 2830 1977 desistat,
2863 1924 2926 1965 et
2967 1925 3115 1985 pre-

642 2012 845 2072 dictos
895 2010 1198 2072 Abbatem
1244 2016 1306 2072 et
1358 2010 1698 2071 Custodem
1737 2010 1954 2089 ipsius,
1999 2029 2199 2091 usque
2255 2010 2336 2071 ad
2384 2010 2655 2071 reditum
2705 2016 2990 2072 vestrum
3040 2011 3114 2072 in

641 2119 953 2197 Angliam,
1005 2136 1193 2195 super
1240 2116 1360 2177 hoc
1415 2118 1481 2176 in
1535 2136 1690 2197 pace
1718 2116 2044 2177 2dimittat.
2147 2116 2282 2178 Nos
2332 2117 2501 2178 enim
2550 2123 2785 2178 extunc
2834 2118 3115 2178 libenter

641 2225 933 2286 volumus
990 2221 1323 2284 consilium
1380 2222 1675 2284 adhibere
1717 2222 1989 2303 qualiter
2046 2223 2161 2283 hec
2217 2223 2431 2283 omnia
2483 2224 2818 2302 pacificum
2875 2233 2939 2284 et
2998 2224 3110 2285 de-

639 2330 861 2401 bitum,
909 2336 1165 2389 auctore
1224 2329 1517 2399 Domino,
1578 2328 1931 2389 sorciantur
1974 2329 2288 2392 effectum.
2389 2330 2578 2390 Teste
2635 2329 2876 2409 meipso
2931 2330 3112 2410 apud

639 2434 1297 2506 westmonasterium,
1341 2434 1401 2513 vj
1448 2435 1548 2495 die
1589 2434 1629 2495 J
1634 2435 1765 2507 ulii,
1810 2454 1976 2495 anno
2019 2435 2192 2514 regni
2233 2435 2432 2497 nostri
2473 2455 2660 2497 nono·

640 2703 793 2780 July
834 2701 1147 2762 26.-The
1200 2700 1455 2780 Bishop,
1499 2700 1570 2760 in
1620 2700 1812 2780 reply,
1854 2719 2094 2761 assuras
2151 2700 2249 2761 the
2289 2700 2457 2779 Kinq
2513 2700 2649 2760 that
2693 2700 2763 2761 hc
2807 2701 2917 2762 has
2961 2701 3114 2763 been

879 2780 1323 2862 misinformcd‚
1368 2781 1475 2841 but
1518 2780 1652 2842 that
1696 2780 1794 2841 the
1827 2779 2218 2860 proceedinqs
2268 2782 2338 2861 os
2381 2781 2478 2842 the
2533 2780 2774 2860 Official
2819 2780 2990 2843 shall
3038 2782 3111 2845 bc

881 2862 1095 2941 stayed
1134 2862 1303 2923 until
1346 2862 1443 2922 the
1489 2861 1834 2922 Christmas
1866 2861 2206 2941 followinq.

799 3017 1351 3079 Excellentissimo
1421 3016 1695 3095 Principi
1763 3036 1837 3077 ac
1908 3016 2182 3076 Domino
2251 3035 2367 3077 suo
2431 3016 2964 3077 Reverentissimo
3036 3017 3108 3077 in

642 3124 916 3195 Christ0‚
960 3122 1234 3183 Domino
1293 3122 1628 3193 EdwardO,
1687 3122 1809 3181 Dei
1866 3122 2074 3201 gracia
2135 3121 2290 3200 Regi
2349 3121 2570 3199 Anglie
2633 3121 2896 3193 Illustri,
2954 3128 3103 3195 etc..

638 3230 935 3301 Thomas,
975 3227 1457 3289 Herefordensis
1498 3228 1834 3299 Presbiter,
1881 3228 2024 3287 talis
2066 3227 2290 3308 qualis,
2336 3246 2480 3288 cum
2523 3228 2696 3288 omni
2739 3228 3102 3291 reverencia

636 3344 701 3397 et
742 3336 1139 3414 subjeccione
1186 3353 1254 3395 se
1312 3339 1537 3405 totum,
1582 3335 1647 3393 in
1704 3334 1804 3393 Eo
1859 3334 1966 3414 qui
2023 3340 2120 3393 est
2165 3334 2446 3393 omnium
2491 3354 2640 3395 vera
2698 3334 2892 3396 salus.
2997 3334 3102 3395 Ex

637 3440 1035 3520 suggestione
1070 3437 1402 3517 cujusdam
1438 3438 1591 3498 data
1625 3438 1892 3499 scribere
1926 3437 2108 3498 nobis
2141 3457 2342 3517 nuper
2373 3456 2486 3515 pro
2519 3437 2758 3498 Abbate
2791 3437 3105 3517 Badingie

634 3546 989 3607 dominacio
1054 3552 1261 3606 vestra
1330 3544 1593 3615 curavit,
1658 3543 1827 3622 quod
1893 3542 2258 3622 gravamina
2321 3562 2441 3624 que
2513 3542 2813 3604 Officialis
2883 3550 3104 3605 noster

632 3654 837 3714 eidem
892 3651 1121 3712 Abbati
1175 3670 1289 3730 pro
1345 3648 1766 3710 destitucione
1819 3650 2008 3710 unius
2055 3649 2351 3710 monachi
2395 3649 2490 3710 sui
2533 3668 2575 3710 a
2614 3650 2897 3728 prioratu
2938 3650 3100 3712 Leo-

632 3758 942 3820 ministrie
997 3758 1062 3817 in
1112 3762 1329 3817 nostra
1373 3754 1621 3830 diocesi,
1673 3755 1974 3815 missione
2026 3753 2288 3816 alterius
2345 3754 2639 3815 monachi
2689 3755 2770 3815 ad
2823 3755 3100 3817 eundem

633 3864 822 3925 infert
876 3862 1326 3940 multipliciter,
1388 3868 1460 3920 ut
1522 3860 1809 3933 refertur,
1863 3881 2063 3942 usque
2126 3860 2210 3921 ad
2273 3861 2617 3923 adventum
2677 3867 2968 3923 nostrum
3031 3862 3098 3923 in

635 3970 945 4048 Angliam,
976 3968 1243 4029 ducente
1284 3966 1576 4041 Domino,
1608 3967 1873 4027 relaxari
1904 3967 2359 4039 mandavimus,
2390 3971 2456 4027 et
2495 3966 2748 4027 interim
2791 3988 2830 4028 a
2870 3968 3098 4030 moles·

631 4074 879 4136 tacione
921 4074 1173 4134 cessari.
1279 4072 1456 4132 Licet
1502 4091 1648 4133 vero
1691 4072 1872 4133 salva
1915 4092 2069 4151 pace
2111 4062 2519 4152 suggerentis,
2551 4073 2688 4151 ipsa
2729 4074 2820 4133 rei
2861 4073 3097 4136 veritas

632 4201 762 4241 non
810 4181 894 4241 sit
938 4180 1419 4258 circumquaque
1462 4179 1637 4240 vobis
1678 4199 1992 4259 expressa,
2039 4180 2202 4240 sicut
2258 4200 2369 4259 per
2426 4180 2546 4241 Dei
2601 4181 2877 4259 graciam
2921 4188 3094 4261 post·

636 4286 891 4346 modum
936 4284 1259 4364 apparebit
1314 4284 1682 4357 manifeste;
1743 4296 1955 4345 tamen
1999 4286 2372 4346 excellencie
2416 4292 2622 4348 vestre
2677 4286 3091 4367 beneplacitO,

632 4392 698 4451 in
741 4400 1046 4470 quantum
1092 4391 1227 4451 sine
1263 4389 1383 4450 Dei
1420 4391 1869 4469 omnipotentis
1905 4392 2144 4452 offensa
2173 4392 2474 4463 valemus,
2509 4392 2760 4453 obedire
2788 4393 3091 4465 volentes,

633 4496 804 4557 dicto
862 4496 1129 4557 Officiali
1185 4502 1403 4555 nostro
1458 4496 1835 4558 mandamus
1909 4542 2285 4558 .....
2357 4500 2374 4533 ²
2445 4497 2662 4558 sciatis
2723 4498 2894 4579 quod
2957 4518 3092 4561 sen-

632 4602 875 4663 tencias
930 4621 1089 4681 quas
1145 4601 1311 4672 tulit,
1356 4610 1420 4662 et
1477 4602 1603 4662 alia
1658 4621 1780 4681 que
1835 4610 2057 4664 contra
2106 4603 2346 4663 dictum
2391 4603 2696 4663 Abbatem
2741 4622 2818 4663 ex
2864 4609 3093 4665 natura

637 4708 734 4769 sui
784 4707 967 4769 officii
1026 4707 1453 4786 attempt-avit,
1506 4728 1703 4788 usque
1760 4708 1838 4768 ad
1895 4708 1953 4768 N
1960 4709 2128 4769 atale
2177 4708 2461 4787 proximo
2503 4708 2786 4768 futurum
2831 4711 3090 4781 relaxet,

633 4814 727 4875 ita
794 4814 961 4894 quod
1024 4820 1245 4875 contra
1308 4814 1543 4874 dictum
1611 4813 1918 4875 Abbatem
1987 4814 2252 4893 predicti
2317 4813 2617 4876 Officialis
2682 4814 2937 4895 incepta
3000 4818 3089 4877 in·

1455 4948 1729 4996 l—Writing
1755 4953 1807 4991 to
1833 4948 1956 4992 falnt
1983 4952 2035 4991 to
2060 4949 2117 4991 be
2143 4949 2271 4991 read.
