3459 5617
1160 493 1461 575 Episcopi
1512 493 1994 574 Heresordensis.
2689 497 2808 556 269

344 719 497 798 May
537 719 1017 780 23.—Mandate
1067 726 1126 780 to
1177 720 1345 780 John
1389 720 1463 780 de
1510 719 1779 798 Bitterly
1830 727 1888 780 to
1927 719 2199 799 proceed,
2243 719 2318 780 in
2349 740 2697 800 parsuance
2737 722 2811 801 of

586 800 792 880 Papal
844 799 1263 872 instructions,
1307 807 1364 861 to
1418 820 1655 862 recover
1700 820 1824 879 any
1867 800 2299 862 ecclesiastical
2330 808 2620 880 property
2665 803 2802 863 that

590 881 713 942 had
772 881 913 942 been
966 881 1272 942 alienated
1330 881 1398 941 in
1457 881 1554 942 the
1607 881 1856 952 diocese,
1900 881 2111 959 qivinq
2165 881 2362 942 notice
2420 889 2477 942 to
2526 882 2617 942 all
2662 903 2798 944 con-

586 962 816 1033 cerned,
869 963 971 1040 lay
1024 982 1095 1023 or
1140 960 1404 1033 clerical,
1447 969 1650 1041 except
1700 969 1759 1023 to
1811 962 1908 1023 the
1965 962 2250 1042 Bishop's
2300 962 2680 1024 adversaries
2729 983 2800 1024 or

588 1042 875 1121 iynorant
920 1042 1150 1104 monks.

506 1173 546 1233 J
567 1175 856 1251 [omma]
922 1191 1008 1232 nn
1067 1173 1882 1253 Burnrmnrn-Magistro
1930 1173 1970 1233 J
1991 1173 2271 1251 [ohanni]
2333 1173 2412 1234 de
2466 1173 2806 1253 Buterleye

344 1279 629 1340 salutem.
715 1279 813 1338 De
853 1277 1115 1339 consilio
1157 1277 1543 1358 sapiencium
1572 1278 1748 1339 vobis
1790 1279 2164 1340 mandamus
2205 1279 2520 1359 quatinus,
2551 1284 2810 1358 propter

345 1383 620 1463 aliquam
686 1383 961 1444 litteram
1031 1384 1330 1463 Papalem
1400 1382 1802 1462 duplicatam,
1865 1383 2091 1444 saltem
2153 1402 2228 1443 ea
2288 1403 2410 1464 que
2478 1384 2556 1444 de
2625 1383 2807 1446 bonis

347 1490 629 1552 Ecclesie
663 1489 1143 1551 Herefordensis
1186 1495 1335 1550 sunt
1377 1489 1647 1549 alienata
1694 1489 1761 1548 in
1803 1488 2024 1569 majori
2073 1488 2274 1550 forma
2321 1488 2568 1549 faciatis
2608 1509 2804 1568 quan-

347 1595 609 1656 tocicius
668 1595 956 1674 poteritis
1014 1595 1368 1674 impetrari;
1433 1614 1561 1654 non
1620 1599 1913 1655 caventes
1976 1593 2184 1674 aliquo
2246 1594 2433 1654 modo
2495 1593 2680 1655 alicui
2730 1595 2809 1657 de

346 1705 563 1762 nostro
606 1701 1009 1781 Episcopatu,
1054 1701 1324 1762 maxime
1380 1700 1701 1780 religiosis,
1764 1706 1861 1761 set
1919 1700 2111 1761 cicius
2173 1701 2240 1760 in
2296 1700 2600 1780 judicium
2658 1722 2804 1762 con·

344 1806 613 1868 veniatis
653 1813 717 1867 et
772 1806 979 1867 locum
1020 1807 1073 1868 si
1112 1827 1228 1888 per
1282 1806 1551 1886 aliquem
1600 1806 1699 1867 vel
1749 1806 1988 1887 aliquos
2045 1807 2508 1866 contradicatur
2562 1807 2804 1879 eidem;

344 1912 434 1973 ita
474 1917 687 1974 tamen
743 1913 911 1993 quod
951 1913 1135 1974 alicui
1178 1913 1493 1993 Episcopo
1541 1913 1866 1983 scribatur,
1911 1912 2048 1974 aliis
2097 1933 2210 1974 seu
2257 1913 2362 1973 alii
2404 1913 2689 1974 fidelibus
2738 1919 2804 1975 et

346 2017 413 2077 in
466 2009 602 2098 jure
657 2019 893 2098 peritis,
944 2019 1313 2079 adversariis
1368 2038 1525 2099 quos
1582 2018 1785 2079 nostis
1846 2019 2172 2078 dumtaxat
2227 2019 2541 2098 exceptis;
2599 2024 2664 2080 et
2719 2019 2811 2081 ita

346 2125 513 2203 quod
560 2145 687 2186 non
738 2124 1045 2185 scribatur
1092 2124 1395 2204 religiosis
1444 2124 1772 2205 aliquibuS,
1816 2123 1922 2204 qui
1971 2124 2224 2205 penitus
2274 2131 2424 2185 sunt
2472 2125 2690 2205 ignari,
2733 2131 2809 2186 ut
2923 2165 2928 2170 ‚

345 2234 539 2308 patet,
569 2230 630 2289 in
675 2228 975 2309 pluribus,
1006 2233 1071 2289 et
1112 2228 1315 2289 alieno
1357 2247 1515 2289 ausu
1555 2229 1888 2289 ducuntur.
1973 2229 2060 2289 Et
2102 2229 2248 2308 quia
2289 2231 2367 2290 de
2411 2229 2602 2290 Stoke
2633 2231 2806 2311 Lacy

346 2334 606 2415 queritis
648 2335 807 2396 scire
846 2354 1147 2405 rumores,
1190 2335 1490 2395 noveritis
1532 2336 1699 2415 quod
1741 2355 1816 2396 ea
1857 2355 1978 2416 que
2019 2336 2195 2397 vobis
2244 2337 2680 2398 mandavimus
2728 2338 2808 2401 de

346 2441 565 2503 eadem
606 2461 680 2502 ex
722 2441 921 2501 relatu
955 2441 1187 2502 Vicarii
1222 2442 1419 2503 nostri
1454 2443 1519 2501 in
1559 2442 1782 2522 Anglia
1816 2442 2184 2514 habuimus3
2228 2463 2345 2504 nec
2379 2443 2583 2504 adhuc
2617 2444 2806 2505 aliam

345 2547 694 2627 recepimus
744 2546 1183 2607 certitudinem
1232 2548 1309 2608 de
1357 2567 1432 2608 eo
1480 2548 1647 2627 quod
1702 2547 2134 2620 mandabatur,
2182 2569 2302 2610 nec
2350 2549 2426 2609 de
2475 2549 2612 2629 ejus
2660 2570 2808 2611 con·

344 2645 555 2715 trax-ie,
584 2643 871 2724 quamvis
905 2643 1338 2723 scripserimus
1370 2664 1484 2723 pro
1513 2644 1802 2705 habendo
1829 2645 2002 2706 finali
2029 2665 2358 2726 responso;
2395 2648 2561 2726 quod
2590 2653 2805 2709 tamen
2911 2701 2916 2706 .

345 2740 749 2802 habuerimus
796 2741 973 2804 vobis
1027 2761 1140 2821 per
1195 2741 1313 2802 Dei
1366 2741 1639 2821 graciam
1687 2742 2058 2803 innotescet.
2160 2744 2258 2804 De
2314 2748 2486 2804 statu
2540 2749 2605 2805 et
2662 2765 2806 2805 con-

345 2838 590 2899 dicione
643 2838 881 2899 domini
936 2838 1185 2898 Radulfi
1241 2839 1513 2918 Pypard¹
1568 2839 1784 2900 sciatis
1840 2841 2025 2920 quod,
2082 2840 2229 2901 licet
2291 2841 2455 2902 idem
2515 2841 2807 2904 dominus

344 2936 613 3016 plurima
654 2936 933 2996 maneria
974 2936 1201 2996 habeat
1243 2942 1306 2997 et
1348 2936 1592 2997 diversa
1632 2936 1700 2995 in
1739 2936 1978 3016 Anglia,
2017 2937 2252 2998 nullius
2288 2943 2502 2999 tamen
2545 2939 2807 3000 manerii

344 3032 539 3093 nichil
608 3051 832 3112 magne
893 3033 1418 3095 renominacionis
1486 3033 1717 3095 existit.
1823 3034 1900 3093 In
1971 3035 2277 3095 Hibernia
2338 3039 2554 3096 tamen
2616 3036 2808 3098 habet

344 3133 621 3190 castrum
679 3130 846 3209 quod
903 3136 1162 3191 vocatur
1222 3129 1433 3191 Saltus
1494 3130 1845 3201 Salmonis;
1906 3131 2030 3202 ubi,
2082 3137 2146 3193 et
2204 3131 2271 3192 in
2330 3132 2572 3213 Anglia,
2616 3133 2809 3195 habet

344 3225 503 3287 bene
570 3226 742 3287 mille
808 3227 996 3287 libras
1060 3232 1223 3288 terre
1284 3227 1764 3307 sterlingorum;
1834 3229 2012 3308 isque
2068 3248 2333 3309 magnus
2389 3230 2682 3292 dominus
2738 3231 2803 3290 in

343 3324 516 3384 omni
557 3329 725 3385 terra
763 3325 995 3403 poterit
1036 3325 1401 3404 nuncupari.
1488 3324 1583 3385 Ad
1625 3325 1742 3386 hec
1785 3326 2052 3406 qualiter
2092 3326 2386 3388 Decanus
2430 3347 2498 3388 se
2538 3329 2698 3407 gerit
2740 3328 2808 3388 in

342 3421 576 3482 nostris
644 3422 919 3501 negociis
986 3423 1427 3500 promovendis
1496 3423 1676 3484 nobis
1746 3423 1990 3484 faciatis
2052 3430 2358 3485 constare.
2459 3425 2546 3485 Et
2615 3426 2669 3486 si
2697 3409 2703 3426 ⁴
2731 3445 2810 3486 ex

342 3517 589 3579 officiali
646 3519 947 3580 auditoris
1003 3519 1183 3580 nobis
1240 3519 1305 3578 in
1359 3521 1682 3598 premissis
1740 3519 2211 3582 cantuariensis
2281 3521 2806 3602 Archiepiscopus

340 3615 529 3695 judex
580 3616 779 3687 detur,
824 3616 1031 3695 ipsum
1086 3616 1445 3678 nullatenus
1494 3617 1815 3678 recusetis.
1914 3618 1991 3677 In
2041 3617 2212 3678 brevi
2269 3619 2576 3698 siquidem
2635 3640 2804 3698 sper·

344 3732 524 3774 amus
558 3717 799 3773 vestras
840 3713 1114 3793 recipere
1155 3713 1415 3786 litteras,
1459 3714 1669 3793 plures
1712 3713 2008 3776 articulos
2051 3715 2482 3776 continentes:
2529 3717 2607 3776 ad
2649 3736 2807 3796 quos

342 3816 556 3871 tamen
598 3810 999 3871 habuerimus
1042 3811 1213 3890 ipsos
1261 3812 1778 3890 respondebimus
1819 3813 2096 3873 indilate.
2180 3813 2478 3874 Valeatis.
2566 3815 2808 3874 Datum

342 3909 507 3987 apud
549 3907 889 3979 Fontanas,
932 3928 971 3968 x
1014 3907 1331 3969 Kalendas
1372 3909 1412 3969 J
1415 3909 1565 3968 unii.

341 4110 494 4189 May
534 4111 1015 4172 26.—Mandate
1069 4119 1128 4173 to
1179 4113 1277 4174 the
1336 4113 1575 4192 Official
1631 4121 1689 4174 to
1744 4115 2010 4193 suspend
2053 4115 2151 4175 the
2189 4119 2632 4194 sequestration
2672 4120 2800 4179 and

583 4192 1167 4253 excommunication
1221 4194 1293 4272 of
1342 4194 1545 4255 which
1608 4195 1706 4255 the
1766 4195 1960 4255 Abbot
2017 4197 2086 4275 of
2135 4197 2419 4275 Readinq
2484 4197 2594 4258 has
2643 4219 2797 4260 com-

576 4273 853 4352 plained‚
896 4273 960 4352 if
1009 4273 1106 4335 the
1146 4273 1333 4334 Prior
1372 4276 1442 4354 os
1474 4275 1856 4336 Leominster
1899 4276 2008 4336 has
2059 4277 2201 4337 been
2241 4279 2531 4351 removed,
2575 4278 2702 4340 and
2743 4281 2808 4359 if

582 4362 721 4494 ποιὰ
752 4361 809 4414 to
856 4354 1005 4414 send
1048 4376 1089 4415 a
1142 4354 1409 4415 detailed
1448 4362 1648 4435 report
1691 4356 1767 4434 by
1813 4357 1909 4417 the
1950 4357 2194 4418 Abbot’s
2236 4377 2583 4437 messenqer,
2630 4361 2693 4440 if
2729 4361 2800 4422 he

584 4441 670 4494 sti
760 4433 995 4495 insists.

506 4564 843 4625 Ormoum
891 4583 1014 4626 rso
1072 4566 1944 4638 Laomm1s‘rn1A.—Thomas,
2007 4573 2144 4639 etc„
2198 4566 2460 4628 Officiali
2518 4570 2806 4632 salutem.

345 4661 620 4723 Domino
662 4661 904 4723 Abbate
944 4663 1249 4743 Radingie
1290 4663 1368 4724 de
1409 4664 1625 4724 multis
1674 4664 1978 4725 molestiis
2019 4684 2134 4743 per
2174 4685 2286 4726 vos
2330 4665 2448 4725 sibi
2491 4666 2691 4739 factis,
2733 4674 2808 4730 ut

467 4783 691 4830 l—Raloh
729 4784 901 4831 pipard
944 4783 1037 4826 had
1082 4796 1275 4826 manen-s
1318 4785 1365 4826 in
1408 4787 1592 4828 several
1634 4787 1866 4834 mantica,
1905 4787 2158 4834 especially
2199 4787 2247 4828 in
2291 4786 2616 4836 Oxfordshire.
2652 4791 2812 4834 where

341 4831 860 4881 Rotherfleld·1>enoard
908 4835 1003 4877 had
1049 4835 1114 4876 its
1158 4847 1297 4877 name
1346 4835 1471 4878 from
1522 4837 1605 4877 the
1657 4835 1839 4883 family.
1917 4835 2161 4884 (Dugdale.
2209 4839 2469 4885 Baronage.
2514 4851 2558 4886 ρ.
2601 4836 2657 4884 9).
2739 4843 2812 4890 By

338 4882 672 4981 afflante-olaf
702 4884 897 4980 Ιῖἑιοεῗιείἷ
935 4885 1121 4927 lreland
1156 4886 1273 4928 with
1308 4887 1391 4928 the
1436 4885 1555 4933 King
1598 4886 1655 4928 he
1698 4885 1864 4929 owned
1905 4888 1989 4928 the
2033 4889 2202 4929 Manen·
2241 4887 2292 4929 of
2336 4889 2478 4936 Bray.
2547 4885 2704 4934 (Mem.
2750 4890 2810 4934 de
