3459 5617
343 2754 446 2799 Fol.
469 2754 565 2796 32b.

632 500 749 560 104
1080 530 1084 533 «
1276 498 1633 577 Reqistrum
1690 499 1910 560 Thome
1962 498 2036 559 de
2121 498 2453 578 Cantilupo

641 729 707 785 et
750 724 1122 795 Molestone,
1168 724 1247 783 ad
1288 730 1565 784 castrum
1606 729 1895 783 nostrum
1935 724 2012 784 de
2051 723 2379 803 Ledebury
2421 723 2628 783 North
2664 724 2802 802 jure
2846 723 3112 784 dominii

640 835 1019 907 spectanteS,
1064 849 1221 909 quas
1279 828 1577 907 Episcopi
1637 828 2132 890 Herefordenses
2191 830 2296 909 qui
2354 849 2468 908 pro
2525 834 2808 908 tempore
2863 828 3116 890 fuerant

642 934 902 1013 pacifice
958 941 1261 1014 tanquam
1318 934 1554 995 domini
1608 934 2025 1013 possederunt
2078 934 2208 1014 jam
2262 954 2375 1014 per
2428 934 2636 1014 aliqua
2689 939 2994 1013 tempora,
3044 935 3114 994 in

642 1040 849 1100 anime
890 1060 1000 1101 sue
1038 1039 1384 1119 periculum
1412 1039 1717 1100 violenter
1754 1040 2100 1118 occupavit,
2137 1045 2200 1099 et
2239 1060 2344 1100 eas
2381 1040 2587 1099 adhuc
2625 1038 2834 1099 taliter
2871 1038 3115 1100 detinet

637 1151 992 1224 occupatas,
1050 1144 1195 1205 licet
1250 1166 1363 1224 per
1414 1145 1919 1223 predecessorem
1975 1150 2280 1217 nostrum,
2329 1152 2403 1206 ut
2452 1144 2822 1217 audivimus,
2873 1150 2938 1207 et
2993 1166 3114 1207 nos

638 1256 860 1329 postea
944 1270 1131 1329 super
1212 1249 1616 1311 restitucione
1700 1249 2009 1310 dictarum
2091 1250 2378 1311 villarum
2461 1251 2745 1312 Ecclesie
2827 1250 3115 1313 facienda

636 1357 961 1418 humiliter
1018 1363 1081 1417 et
1140 1358 1362 1417 devote
1420 1355 1641 1417 fuisset
1701 1356 1912 1435 sepius
1971 1356 2324 1437 requisitus.
2449 1356 2537 1417 Et
2591 1357 2738 1436 quia
2794 1357 3111 1436 predictas

642 1463 1093 1541 occupaciones
1163 1463 1298 1523 sine
1366 1462 1565 1541 ipsius
1634 1463 1958 1543 nostrique
2037 1468 2100 1523 et
2179 1462 2462 1523 Ecclesie
2541 1468 2755 1523 nostre
2832 1463 3112 1542 periculo

638 1569 903 1629 ulterius
955 1569 1219 1629 tolerare
1276 1588 1404 1627 non
1462 1588 1800 1647 possumus
1852 1590 1968 1629 nec
2026 1569 2341 1639 debemUS,
2386 1574 2605 1629 contra
2654 1569 2925 1629 eundem
2974 1574 3110 1629 tan—

645 1696 833 1755 quam
878 1675 1246 1755 sacrilegum
1288 1695 1404 1735 nos
1446 1675 1780 1753 procedere
1822 1680 2088 1753 oportet,
2118 1681 2428 1755 quatenus
2460 1675 2599 1755 jura
2632 1680 2696 1735 et
2737 1675 3114 1736 Sanctorum

640 1782 905 1841 Patrum
965 1785 1203 1841 statuta
1262 1780 1527 1841 suadent
1586 1785 1650 1840 et
1712 1781 2121 1859 permittunt;
2186 1781 2370 1860 quod,
2434 1780 2611 1841 novit
2673 1782 2867 1851 DeuS,
2931 1782 3114 1843 valde

640 1886 988 1947 faceremus
1031 1886 1227 1946 inviti.
1312 1886 1547 1946 Verum
1590 1906 1970 1966 quamquam
2005 1891 2224 1947 contra
2257 1886 2483 1965 ipsum,
2514 1908 2701 1966 quem
2731 1887 3114 1948 sufficienter

644 1992 955 2053 monitum
1026 1997 1090 2052 et
1158 1997 1445 2071 rogatum
1508 1991 1844 2051 credimus·
1882 1996 1946 2052 et
2004 1992 2236 2052 scimus
2299 1992 2364 2051 in
2425 1992 2768 2071 premissis,
2827 1992 3112 2071 graviora

640 2103 917 2159 statuere
965 2117 1311 2176 possemus
1364 2097 1442 2156 ad
1498 2116 1757 2175 presens
1813 2117 1888 2157 ex
1942 2097 2308 2157 abundanti¹
2370 2102 2582 2157 tamen
2640 2097 2848 2177 ipsum
2905 2098 3111 2159 adhuc

643 2204 902 2283 dignum
965 2203 1095 2263 fore
1158 2202 1447 2261 duximus
1512 2201 1912 2273 monendum,
1963 2207 2034 2262 ut
2094 2221 2530 2281 perversorum
2588 2202 2985 2281 protervitas,
3042 2209 3110 2263 et

648 2308 897 2369 malicia
938 2327 1154 2369 eorum
1197 2308 1355 2367 forte
1398 2306 1506 2386 qui
1548 2327 1693 2367 eum
1737 2308 1812 2368 de
1855 2308 2242 2368 restituendo
2285 2308 2484 2368 dictas
2512 2314 2710 2369 terras
2739 2308 3110 2387 impediunt,

640 2414 937 2494 liquidius
984 2414 1051 2472 in
1107 2413 1397 2473 omnibus
1454 2414 1922 2473 convincantur.
2035 2413 2196 2487 Quia
2240 2413 2434 2492 igitur
2486 2433 2614 2473 non
2671 2413 2876 2473 solum
2930 2414 3106 2492 juxta

644 2524 883 2580 statuta
918 2518 1217 2577 canonica
1254 2522 1351 2577 set
1386 2517 1730 2577 secundum
1767 2517 2130 2578 sancciones
2164 2517 2534 2596 imperiales,
2569 2517 2756 2577 unius
2790 2518 3110 2596 provincie

644 2644 859 2703 preses
902 2622 1158 2683 alterius
1198 2622 1466 2701 presidis
1508 2622 1895 2682 sentenciam
1939 2622 2003 2680 in
2047 2642 2160 2682 sua
2201 2622 2521 2701 provincia
2558 2622 2778 2701 exequi
2815 2623 3007 2684 habet
3047 2629 3110 2683 et

648 2728 965 2809 publicare
1004 2749 1148 2788 cum
1186 2727 1434 2798 effectu,
1474 2727 1928 2787 fraternitatem
1973 2733 2247 2787 vestram
2289 2728 2354 2786 in
2397 2728 2671 2788 Domino
2712 2748 3007 2808 rogamus
3047 2734 3110 2789 et

637 2834 1031 2915 requirimuS,
1095 2854 1239 2895 cum
1308 2834 1618 2894 instancia
1686 2854 1811 2913 qua
1878 2854 2213 2913 possumus
2282 2835 2586 2915 ampliori,
2657 2836 2824 2915 quod
2886 2843 3108 2897 mutua

639 2938 1089 3009 vicissitudine,
1154 2938 1233 2998 ob
1298 2939 1668 2999 universalis
1726 2939 2008 2999 Ecclesie
2067 2939 2398 2998 comodum
2461 2944 2525 2999 et
2585 2940 2909 3011 honorem,
2969 2960 3104 3020 pre-

642 3044 881 3104 dictum
940 3043 1315 3123 Principem,
1366 3044 1443 3104 de
1495 3064 1618 3123 quo
1670 3042 2092 3104 verisimiliter
2141 3044 2292 3103 talia
2343 3044 2544 3103 audiri
2601 3064 2730 3105 non
2787 3044 3102 3117 deberent,

638 3150 968 3229 diligenter
1009 3150 1318 3210 moneatis
1360 3155 1424 3210 et
1466 3150 1799 3209 efficaciter
1839 3149 2150 3210 inducatis
2193 3150 2358 3229 quod
2401 3150 2712 3229 predictas
2753 3156 2884 3211 tres
2927 3150 3105 3212 villas

642 3255 720 3315 de
763 3254 1089 3324 Ohestrok,
1134 3254 1387 3324 Astone,
1432 3260 1496 3315 et
1540 3254 1893 3315 Molestone
1936 3254 2098 3314 infra
2139 3275 2420 3316 mensem
2475 3276 2513 3315 a
2567 3261 2849 3335 tempore
2905 3256 3102 3317 moni·

640 3360 839 3421 cionis
894 3380 1005 3439 per
1052 3380 1165 3421 vos
1220 3360 1501 3420 faciende
1556 3360 1759 3420 eidem
1817 3360 2097 3421 Ecclesie
2155 3365 2368 3422 nostre
2427 3367 2490 3422 et
2551 3362 2732 3423 nobis
2789 3363 3101 3433 restituat,

634 3474 699 3528 et
769 3467 845 3527 de
914 3465 1216 3545 injuriosa
1284 3466 1698 3544 occupacione
1759 3466 1895 3526 Deo
1964 3472 2028 3525 et
2087 3466 2368 3527 Ecclesie
2431 3466 2788 3528 satisfacere
2851 3469 3104 3529 studeat

642 3577 1105 3651 competenter;
1166 3572 1616 3631 denunciantes
1664 3572 1868 3632 eidem
1916 3572 2100 3650 quod,
2144 3572 2268 3632 nisi
2315 3572 2548 3642 fecerit,
2599 3593 2844 3633 exnunc
2884 3580 3106 3635 contra

642 3678 911 3739 eundem
951 3678 1324 3756 procedetur
1364 3682 1675 3756 quatenus
1716 3677 1882 3757 rigor
1919 3678 2076 3757 juris
2110 3683 2173 3737 et
2207 3678 2503 3757 equitatis
2535 3678 2702 3738 racio
2731 3678 3103 3740 suadebunt.

643 3784 808 3859 Quid
864 3804 1012 3844 vero
1068 3803 1255 3862 super
1310 3783 1433 3843 hiis
1474 3783 1650 3843 vobis
1707 3783 1908 3844 facere
1963 3783 2266 3862 placuerit
2322 3789 2386 3844 et
2441 3784 2731 3855 feceritis,
2775 3804 2848 3844 ac
2903 3785 3102 3845 eciam

640 3891 718 3951 de
774 3909 1076 3969 responso
1134 3889 1333 3968 ipsius
1388 3888 1716 3967 Principis,
1769 3889 1948 3949 nobis
2005 3889 2059 3949 si
2113 3889 2318 3968 placet
2373 3889 2757 3969 quamcicius
2811 3890 3101 3969 poteritis

636 4001 925 4057 constare
981 3995 1223 4056 faciatis
1278 4015 1390 4074 per
1444 3995 1685 4056 litteras
1741 4001 1981 4056 vestras
2036 4000 2344 4074 patentes,
2401 3995 2624 4055 harum
2681 3996 2906 4056 seriem
2954 4016 3096 4057 con-

634 4101 929 4162 tinenteS.

641 4373 794 4433 Nov.
872 4371 1573 4450 3.—Ackn0wled9ment
1652 4372 1723 4451 of
1799 4370 1895 4431 the
1963 4369 2227 4447 annuity
2295 4370 2412 4430 due
2495 4376 2553 4431 to
2637 4370 2734 4430 the
2815 4370 3092 4462 Bishop’s

887 4452 1232 4543 champio‘n,
1280 4452 1539 4513 Thomas
1594 4453 1665 4531 of
1710 4451 1909 4529 Bridq
1911 4471 2024 4512 nor
2027 4451 2110 4521 th,
2152 4451 2284 4511 who
2339 4450 2395 4511 is
2449 4450 2638 4529 ready
2682 4458 2740 4512 to
2787 4451 3094 4513 miamin

886 4532 958 4593 in
998 4534 1141 4593 duel
1184 4532 1280 4593 his
1321 4532 1520 4611 riqhts
1563 4532 1810 4610 aqainst
1854 4532 1951 4592 the
1992 4532 2154 4591 Earl
2193 4533 2263 4612 of
2299 4532 2661 4596 Glozccester.

803 4690 1039 4749 Tuom:
1083 4706 1171 4747 Da
1214 4688 1487 4748 Bauer-:s
1530 4687 2166 4749 Pomm—Omnibus
2209 4687 2444 4749 Christi
2486 4687 2773 4749 fidelibus
2805 4689 3090 4761 Thomas,

639 4796 761 4856 Dei
802 4796 1009 4875 gracia
1050 4794 1402 4874 Episcopus
1452 4794 1953 4864 Herefordensis,
1998 4794 2283 4864 salutem,
2326 4799 2444 4853 etc.
2548 4794 2812 4855 Noverit
2853 4796 3090 4856 univer-

1558 4932 1684 4970 l—ln
1714 4932 1816 4971 MS.
1845 4928 2186 4970 habundanti.
