3459 5617
341 4348 436 4390 1201.
465 4350 529 4389 4⁴.

665 464 781 522 154
1322 462 1678 540 Reqistrum
1736 462 1955 522 Thome
2008 461 2082 521 de
2140 460 2469 539 Cantilupo

660 687 922 747 ecclesie
964 686 1040 747 de
1084 687 1295 758 Grete,
1343 687 1635 758 salutem,
1675 694 1795 746 etc.
1884 685 2044 747 Cum
2086 685 2378 745 dominus
2407 684 2728 745 walterus
2770 684 2854 744 de
2896 682 3141 753 Balun.

662 793 862 864 miles,
949 793 1026 853 ad
1111 793 1439 854 ecclesiam
1524 793 1600 853 de
1687 792 1922 869 Magna
2007 791 2335 871 Markleya
2421 808 2723 872 tanquam
2794 794 3145 850 vacantem

660 900 1029 978 magistrum
1087 900 1490 959 Aumaricum
1547 898 1624 959 de
1669 901 1887 978 Aveny
1931 918 2129 978 nuper
2171 898 2649 978 presentaverit,
2696 916 2772 957 ac
2824 894 3143 957 Officia-lis

659 1011 893 1075 noster,
965 1007 1065 1065 cui
1123 1005 1370 1066 racione
1427 1004 1610 1065 officii
1668 1024 1857 1083 super
1911 1004 2246 1064 vacacione
2304 1004 2707 1065 ecclesiarum
2764 1004 2832 1063 in
2893 1002 3139 1063 diocesi

660 1110 1112 1172 Herefordensi
1150 1111 1460 1172 hactenus
1497 1130 1743 1191 semper
1782 1111 1966 1172 scribi
2006 1111 2348 1182 consuevit,
2394 1110 2691 1189 predictis
2732 1107 3141 1190 presentanti

659 1225 725 1277 et
786 1222 1170 1295 presentato,
1236 1225 1307 1278 ut
1370 1218 1814 1290 intelleximuS,
1883 1218 2104 1277 merito
2166 1228 2499 1296 suspectus
2562 1216 2815 1287 existat,
2881 1235 3003 1294 pro
3068 1233 3143 1275 eo

660 1323 934 1381 maxime
990 1323 1154 1401 quod
1212 1342 1249 1381 a
1303 1321 1604 1401 religiosis
1646 1322 1815 1395 viris,
1869 1322 2109 1382 Abbate
2152 1328 2214 1382 et
2277 1323 2603 1383 Conventu
2660 1322 2736 1382 de
2781 1321 2979 1398 Lyra,
3030 1320 3143 1399 qui

659 1429 896 1489 dictam
967 1430 1294 1489 ecclesiam
1364 1429 1442 1488 de
1515 1429 1748 1507 Magna
1820 1428 2148 1505 Markleya
2214 1428 2281 1488 in
2348 1429 2631 1507 proprios
2694 1446 2851 1487 usus
2920 1437 3143 1487 tenere

655 1536 971 1608 dicuntur,
1045 1553 1322 1595 annuam
1379 1535 1745 1613 pensionem
1807 1534 2091 1613 percipit,
2145 1541 2209 1594 et
2271 1542 2367 1594 est
2425 1533 2688 1594 clericus
2750 1532 3133 1603 eorundem,

654 1646 838 1720 prout
881 1640 1044 1700 idem
1090 1640 1387 1702 Officialis
1437 1648 1650 1700 noster
1691 1659 1906 1700 coram
1950 1639 2129 1699 nobis
2174 1639 2251 1700 de
2292 1638 2849 1719 plano-confessus
2896 1646 3023 1709 est,
3072 1639 3141 1696 in

654 1747 1064 1827 inquisicione
1107 1746 1393 1807 facienda
1434 1765 1621 1824 super
1662 1746 1996 1806 vacacione
2037 1746 2297 1806 ecclesie
2341 1751 2685 1805 memorate
2726 1744 2793 1804 in
2837 1744 3139 1823 proximo

655 1852 773 1913 loci
846 1852 1231 1913 Consistorio
1307 1852 1405 1911 die
1489 1852 1669 1911 Lune
1738 1858 1883 1930 post
1952 1851 2212 1911 Festum
2284 1850 2498 1911 Sancti
2567 1851 2883 1921 Nicholai‚
2966 1852 3142 1911 vices

654 1965 904 2019 nostras
949 1958 1300 2037 specialiter
1343 1957 1516 2017 vobis
1559 1956 2013 2017 committimus
2055 1977 2165 2035 per
2206 1962 2551 2035 presentes.
2664 1955 2741 2015 In
2786 1957 2979 2034 cujus
3022 1958 3138 2027 rei,

651 2070 772 2125 etc.
846 2063 1010 2139 Quid
1040 2084 1184 2123 vero
1227 2083 1336 2142 per
1378 2064 1854 2143 inquisicionem
1890 2063 2275 2134 inveneritis,
2307 2070 2429 2124 etc.
2503 2064 2804 2125 Valeatis.
2884 2064 3137 2122 Datum

651 2170 818 2248 apud
863 2170 1207 2247 Bosebury,
1253 2170 1294 2247 ij
1345 2168 1664 2229 Kalendas
1704 2170 2090 2240 Decembris,
2139 2169 2650 2231 consecracionis
2694 2177 2914 2229 nostre
2962 2188 3139 2230 anno

653 2276 868 2336 tercio,

646 2478 790 2541 Dec.
864 2479 1300 2541 8.-—Mandate
1371 2486 1428 2540 to
1493 2479 1591 2540 the
1647 2478 1829 2541 Dean
1888 2480 1959 2559 of
2012 2480 2391 2559 Pontesbury
2453 2489 2510 2542 to
2566 2481 2682 2543 cite
2751 2481 2980 2561 Philip
3048 2482 3126 2543 dc

890 2560 1269 2639 Pontesbury
1313 2567 1370 2621 to
1405 2580 1590 2639 prove
1635 2560 1732 2621 his
1778 2560 1911 2622 title
1955 2568 2012 2622 to
2057 2560 2155 2623 the
2196 2561 2483 2641 chapelry
2524 2563 2594 2642 os
2632 2562 2794 2623 Cam
2845 2562 3073 2624 Gastle.

814 2719 1115 2779 CAPELLA
1199 2736 1285 2777 nn
1357 2718 1931 2789 Osos—Thomas,
2014 2726 2156 2790 etc„
2230 2720 2487 2779 Decano
2568 2718 2646 2779 de
2722 2719 3127 2796 Pontesbury

649 2824 940 2895 salutem,
1015 2828 1133 2883 etc.
1251 2822 1632 2884 Mandamus
1714 2823 1889 2885 vobis
1972 2825 2269 2905 quatinus
2337 2824 2547 2886 citetis
2617 2826 2983 2904 Philippum
3046 2827 3127 2887 de

647 2930 1063 3007 Pontesbury‚
1129 2930 1447 2999 clericum,
1496 2928 1602 3009 qui
1662 2929 1715 2990 si
1771 2931 1929 3007 gerit
1992 2950 2105 3009 pro
2162 2932 2429 2991 Rectore
2484 2931 2719 3010 capelle
2778 2932 2990 2991 Casti-i
3044 2932 3125 2993 de

650 3033 837 3105 Caus,
881 3034 1048 3114 quod
1103 3042 1464 3112 compareat
1520 3054 1732 3095 coram
1790 3035 1967 3095 nobis
2017 3035 2116 3096 vel
2174 3034 2443 3096 Officiali
2500 3046 2738 3107 nostro,
2786 3056 2899 3097 seu
2954 3056 3125 3097 oom-

648 3140 971 3209 missariis,
1015 3140 1081 3198 in
1131 3140 1353 3217 majori
1397 3139 1684 3200 Ecclesia
1740 3140 2191 3201 Herefordensi
2244 3142 2308 3200 in
2353 3142 2586 3220 Vigilia
2628 3142 2814 3202 Beati
2857 3143 3123 3215 Thome,

649 3245 952 3324 Apostoli,
1004 3255 1373 3306 ostensurus
1437 3265 1622 3325 quem
1687 3246 2036 3323 ingressum
2100 3246 2331 3307 habeat
2395 3250 2460 3306 in
2523 3248 2831 3327 capellam
2899 3268 3118 3327 supra-

651 3351 908 3423 dictam,
982 3362 1046 3411 et
1115 3371 1239 3431 quo
1304 3352 1443 3429 jure
1513 3352 1838 3430 percipiat,
1910 3365 1981 3412 ut
2046 3352 2293 3423 dicitur,
2356 3353 2633 3414 decimas
2700 3374 2924 3415 omnes
2987 3374 3129 3434 pro·

647 3459 971 3519 venientes
1014 3458 1090 3517 de
1134 3458 1447 3518 dominico
1487 3458 1725 3517 domini
1770 3458 1846 3517 de
1892 3458 2100 3529 Gaus;
2161 3477 2404 3519 necnon
2447 3466 2511 3519 et
2552 3478 2741 3538 super
2786 3460 2949 3531 aliis,
3000 3470 3123 3521 etc.

649 3564 886 3623 Datum
945 3562 1114 3642 apud
1181 3564 1458 3642 SugwaS,
1525 3564 1584 3643 vj
1655 3562 1807 3623 Idus
1869 3563 2255 3635 DecembriS,
2326 3565 2841 3627 Consecracionis
2906 3576 3125 3628 nostre

650 3688 818 3730 anno
877 3670 1091 3729 tercio,

642 3923 786 3986 Dec.
833 3924 1383 3986 8.-—Oommission
1421 3932 1480 3984 to
1533 3923 1780 3984 Martin
1826 3924 1899 3984 de
1946 3922 2115 4002 Gaye
2164 3924 2289 3985 and
2338 3924 2597 3987 Thomas
2660 3925 2734 3987 de
2777 3927 2873 3987 St.
2925 3927 3125 3999 ΟΜ,

893 4005 1153 4077 Canon-3,
1211 4005 1338 4065 and
1387 4004 1667 4065 William
1720 4004 1795 4066 de
1850 4004 2128 4077 Ludlow,
2185 4005 2424 4084 Official
2462 4006 2531 4085 os
2570 4006 2668 4067 the
2709 4006 3115 4069 Archdcacon

891 4084 1326 4227 ‘Zitzfflzgssligfz'
1371 4092 1429 4146 to
1483 4092 1583 4146 act
1626 4086 1737 4165 for
1792 4085 1889 4147 the
1936 4086 2174 4166 Bishop
2228 4086 2299 4147 in
2356 4086 2453 4147 the
2484 4100 2641 4148 ‘case
2696 4089 2766 4166 os
2799 4088 3121 4167 Reqinalcl

823 4324 924 4381 ΒΕ
983 4324 1248 4382 ΒοΜιΝο
1298 4322 1372 4381 R.
1425 4338 1585 4381 mnu
1635 4323 2244 4395 Ps'rs1.—-ThomaS‚
2290 4330 2433 4397 etc„
2481 4325 2799 4404 magistris
2850 4326 3131 4388 Martino

648 4432 726 4491 de
776 4431 956 4509 Gayo
1013 4439 1075 4488 et
1132 4430 1371 4489 Thome
1428 4429 1504 4488 de
1565 4428 1799 4490 Sancto
1857 4431 2106 4503 Omero,
2154 4431 2487 4492 Canonicis
2546 4432 2831 4493 Ecclesie
2886 4444 3126 4506 nostre,

644 4542 706 4597 et
769 4540 1065 4615 magistro
1131 4534 1447 4595 Willelmo
1507 4534 1585 4594 de
1649 4534 2003 4607 Lodelawe,
2058 4536 2323 4597 Officiali
2381 4536 2621 4597 domini
2684 4538 3129 4599 Archidiaconi

643 4639 1145 4710 Herefordensis,
1193 4638 1484 4710 salutem,
1531 4650 1651 4699 etc.
1764 4639 1841 4699 In
1887 4641 2141 4719 negocio
2182 4660 2307 4720 quo
2352 4662 2428 4703 ex
2472 4642 2675 4703 officio
2718 4654 2939 4704 nostro
2983 4664 3123 4724 pro·

642 4747 885 4807 ceditur
947 4755 1167 4805 contra
1237 4744 1562 4805 dominum
1629 4745 2071 4824 Reginaldum,
2144 4747 2343 4807 filium
2418 4748 2611 4819 Petri,
2679 4768 2869 4827 super
2936 4750 3125 4811 certis

641 4852 1107 4932 gravaminibus
1164 4859 1227 4911 et
1283 4850 1530 4927 iniuriis
1589 4852 1726 4912 Deo
1782 4858 1845 4912 et
1893 4852 2197 4925 Ecclesie‚
2243 4858 2314 4913 ut
2374 4851 2622 4925 dicitur,
2684 4873 2796 4933 per
2851 4854 3125 4915 eundem
