3459 5617
643 508 763 565 244
1304 507 1661 586 Reqistrum
1717 507 1939 568 Thome
1991 508 2065 568 de
2126 507 2457 587 Cantilupo

629 756 771 815 Dec.
814 759 912 824 26,
957 755 1428 816 1279.——Graut
1470 762 1528 816 to
1571 756 1799 816 Robert
1838 756 1909 834 of
1946 756 2297 816 Glowcester
2335 757 2405 835 of
2442 756 2539 816 the
2582 756 2765 816 house
2805 776 2960 816 near
3004 757 3104 816 the

877 836 1227 908 Gathedral,
1272 837 1523 896 vacated
1566 837 1642 914 by
1687 837 1785 897 the
1826 837 2013 897 death
2053 837 2124 916 of
2158 836 2373 915 Henry
2415 837 2489 898 de
2531 836 2853 916 Hawkley.

791 992 1115 1052 ConnAcio
1158 1010 1479 1052 Domostm
1522 1010 1652 1061 Qus
1697 1010 2005 1053 rosunum
2049 991 2397 1074 H[EN1³.101]
2444 1011 2531 1052 Du
2576 993 3107 1052 flammulam.—

625 1098 918 1168 Thomas,
989 1103 1128 1168 etc.,
1189 1098 1488 1176 magistro
1559 1097 1835 1158 Roberto
1897 1098 1974 1158 de
2038 1097 2449 1168 Gloucestria‚
2511 1097 2831 1158 Canonico
2895 1097 3097 1158 Here—

625 1202 918 1274 fordensi,
955 1202 1240 1274 salutem,
1277 1209 1395 1264 etc.
1481 1204 1721 1264 Domos
1765 1223 1921 1283 quas
1964 1223 2164 1283 nuper
2196 1204 2403 1264 tenuit
2436 1204 2737 1282 magister
2774 1203 3097 1264 Henricus

629 1310 705 1369 de
761 1309 1144 1388 Hauekleye,
1187 1310 1365 1389 juxta
1421 1315 1703 1370 nostram
1764 1308 2203 1370 Cathedralem
2262 1309 2614 1370 Ecclesiam
2674 1308 3097 1370 Hereforden-

627 1435 781 1486 sem,
825 1421 1138 1487 vacantes,
1181 1421 1246 1475 et
1288 1417 1368 1475 ad
1410 1421 1690 1477 nostram
1735 1416 2141 1476 collacionem
2183 1421 2561 1495 spectante&
2610 1415 2788 1476 vobis
2834 1415 3097 1476 conseri—

629 1541 772 1582 mus
828 1521 1065 1581 intuitu
1121 1521 1420 1592 caritatis,
1521 1522 1763 1581 Datum
1825 1521 2214 1592 Herefordie,
2258 1521 2340 1600 vij
2410 1520 2730 1581 Kalendas
2792 1520 2831 1580 J
2836 1521 3098 1592 anuarii,

633 1647 798 1688 anno
856 1627 1112 1687 Domini
1169 1627 1603 1688 M⁰CG⁰LXX⁰
1658 1647 1845 1688 nono.

624 1933 831 1994 Adam
883 1934 956 1994 de
1013 1933 1227 2011 Fileby
1282 1940 1485 1994 wrztes
1545 1933 1680 1993 that
1734 1932 1804 1993 he
1858 1932 2093 2010 qreatly
2149 1931 2391 1992 desired
2446 1940 2504 1993 to
2560 1953 2654 1993 see
2712 1933 2811 1993 the
2862 1932 3097 2010 Bishop

872 2015 1066 2093 before
1115 2014 1210 2075 his
1244 2015 1505 2092 Journey
1551 2022 1608 2075 to
1649 2015 1858 2084 Rome,
1901 2014 1973 2093 of
2005 2013 2207 2073 which
2250 2014 2320 2074 he
2364 2013 2473 2073 has
2506 2014 2645 2092 just
2689 2014 2878 2074 heard
2900 2034 2923 2082 ‚⁰
2983 2013 3091 2072 but

873 2096 942 2156 he
989 2095 1044 2155 is
1088 2095 1288 2156 bound
1332 2102 1389 2155 to
1431 2115 1662 2174 appear
1710 2095 1905 2173 before
1954 2095 2053 2155 the
2102 2094 2369 2155 Justices
2413 2101 2481 2154 at
2528 2094 2709 2155 York.
2824 2094 2923 2154 He
2962 2093 3099 2154 wilc

871 2183 970 2236 act
1031 2197 1100 2236 as
1162 2175 1421 2247 desired,
1487 2176 1594 2236 but
1651 2182 1841 2236 trusts
1901 2176 2036 2236 that
2094 2175 2191 2235 the
2248 2175 2484 2255 Bishop
2538 2175 2672 2236 will
2726 2182 2895 2235 want
2949 2175 3093 2252 only

869 2257 1034 2317 what
1077 2256 1133 2317 is
1180 2256 1317 2334 just
1360 2257 1486 2316 and
1530 2257 1912 2317 honourable.

797 2436 1046 2519 Aspim]
1104 2456 1190 2497 Du
1248 2437 1960 2498 Famem—Venerabili
2015 2439 2081 2498 in
2138 2438 2391 2500 Christo
2448 2439 2623 2498 Patri
2678 2444 2744 2499 et
2804 2437 3099 2507 Domine,

627 2543 887 2615 Thome‚
932 2544 1050 2603 Dei
1105 2539 1312 2622 gracia
1368 2543 1817 2604 Herefordensi
1872 2544 2207 2623 Episcopo,
2253 2544 2517 2604 devotus
2574 2564 2728 2604 suus
2778 2543 2980 2603 Adam
3022 2545 3100 2604 de

632 2641 868 2719 Fileby‚
931 2640 1218 2711 salutem,
1277 2661 1422 2701 cum
1476 2641 1648 2701 omni
1702 2641 2059 2701 reverencia
2114 2647 2178 2702 et
2234 2642 2489 2702 honore.
2602 2641 2847 2702 Retulit
2901 2641 3093 2702 michi

625 2746 893 2807 ballivus
934 2752 1141 2808 vester
1183 2746 1261 2807 de
1305 2746 1634 2825 Ledebury
1675 2747 1843 2826 quod
1884 2747 2074 2808 eratis
2116 2747 2183 2806 in
2223 2748 2553 2826 procinctu
2593 2747 2839 2808 itineris
2882 2766 3099 2808 versus

627 2851 929 2922 Romam;
989 2856 1246 2930 propter
1307 2851 1474 2931 quod
1531 2852 1821 2912 turbatus
1892 2872 2033 2912 sum
2088 2853 2510 2923 vehementer,
2567 2873 2642 2913 eo
2712 2853 2881 2933 quod
2950 2859 3095 2913 ante

623 2975 943 3016 recessum
971 2961 1250 3016 vestrum
1279 2955 1602 3018 vobiscum
1636 2957 2017 3036 colloquium
2052 2957 2282 3018 habere
2314 2978 2444 3018 non
2472 2978 2751 3037 possum.
2826 2959 3098 3020 Necesse

629 3063 864 3122 etenim
933 3061 1133 3122 habeo
1202 3081 1348 3121 cum
1415 3063 1589 3121 omni
1656 3060 2067 3124 festinacione
2136 3063 2306 3124 adire
2374 3069 2587 3142 partes
2656 3064 2961 3134 BorialeS,
3031 3069 3095 3124 et

629 3186 768 3228 esse
817 3168 982 3246 apud
1038 3165 1392 3228 Eboracum
1442 3188 1653 3228 coram
1701 3169 1742 3228 J
1744 3169 2080 3230 usticiariis
2128 3189 2243 3248 pro
2292 3170 2563 3249 quodam
2612 3170 2873 3250 negocio
2928 3171 3092 3250 quod

629 3271 984 3351 specialiter
1031 3292 1132 3333 me
1187 3274 1512 3352 contingit.
1629 3274 1737 3334 Set
1794 3275 1872 3334 de
1926 3275 2201 3354 negociis
2259 3275 2337 3335 de
2399 3275 2626 3355 quibus
2689 3275 2844 3336 alias
2906 3276 3093 3337 verba.

630 3377 867 3438 fecistis
895 3383 1168 3438 vestram
1197 3379 1587 3440 voluntatem
1629 3379 1874 3440 faciam.
1959 3380 2185 3440 Videat
2228 3386 2441 3441 tamen
2482 3387 2694 3441 vestra
2735 3381 3089 3442 Patet-nitas

630 3482 797 3563 quod
837 3503 965 3542 non
1020 3483 1253 3560 petatis
1296 3484 1418 3543 nisi
1460 3484 1627 3562 quod
1666 3485 1910 3564 justum
1950 3485 2050 3545 vel
2092 3486 2258 3564 quod
2302 3486 2586 3546 videatur
2626 3485 2986 3556 honestum,
3026 3490 3089 3546 et

626 3587 798 3668 quod
847 3608 992 3648 cum
1043 3589 1288 3667 jactura
1335 3609 1476 3650 mea
1531 3590 1668 3650 aliis
1725 3611 1854 3650 non
1903 3591 2162 3651 dicatur.
2263 3591 2607 3653 Conservet
2647 3612 2761 3652 vos
2816 3594 2993 3654 Deus
3029 3599 3092 3653 et

629 3714 778 3754 cum
819 3693 1123 3773 sospitate
1163 3695 1422 3754 reducat
1463 3694 1541 3755 ad
1581 3696 1851 3774 propria,
1896 3696 2170 3774 negociis
2212 3696 2477 3757 feliciter
2518 3697 2843 3776 expeditis.

635 4000 1014 4142 Tramorgffi
1036 4001 1108 4080 of
1135 4001 1355 4141 lletters
1405 4007 1621 4080 patent
1667 4001 1887 4062 drawn
1937 4022 2023 4081 up
2065 4003 2259 4082 before
2302 4003 2399 4063 the
2441 4003 2677 4083 Bishop
2718 4005 2957 4064 eros-sed
2998 4004 3091 4064 the

1015 4101 1130 4142 nne
1161 4128 1174 4141 .

798 4260 992 4340 Copia
1059 4260 1410 4321 litterarum
1480 4263 1842 4341 patencium
1911 4262 2217 4322 factarum
2290 4264 2565 4324 Domino
2625 4268 2713 4343 [et
2774 4269 2872 4344 ac]
2892 4271 3091 4325 torum

635 4363 1005 4424 Herefordie
1047 4370 1194 4426 ante
1235 4364 1820 4426 transfretacionem
1863 4366 2139 4427 Domini.
