3459 5617
275 2791 373 2835 Fol-
405 2793 465 2834 17.

572 484 652 545 46
1219 482 1574 561 Reyistrum
1631 482 1851 543 Thome
1905 482 1979 542 de
2052 480 2382 560 Cantilupo

571 707 758 787 April
782 707 1262 767 14.—Mandate
1291 713 1348 767 to
1379 706 1476 767 the
1501 706 1708 766 Rural
1734 706 1914 767 Dean
1938 707 2010 785 of
2029 706 2407 782 Pontesbury
2438 712 2495 765 to
2527 702 3039 764 excommunicate

817 787 888 847 in.
913 787 1354 865 neiqhbourinq
1392 787 1696 847 Ghurches
1740 787 1976 847 certain
2015 787 2307 847 evildoers
2348 785 2480 845 who
2526 784 2649 845 had
2690 782 3040 844 committed

815 876 1092 946 outraqes
1142 868 1214 927 in
1257 868 1556 946 Lydbury
1607 868 1825 937 North,
1870 867 2215 945 assaultinq
2259 866 2356 927 the
2398 865 2683 943 Bishop’s
2725 885 2863 925 men
2902 863 3039 924 who

816 970 966 1010 were
993 948 1396 1028 impoundinq
1424 955 1594 1027 δίνας]
1623 948 1822 1009 cattle.

737 1092 1577 1165 Poumssumr.——Thomas,
1635 1098 1777 1165 etc.,
1837 1093 2095 1154 Decano
2152 1090 2229 1152 de
2288 1089 2682 1167 Pontesbury
2740 1087 3035 1159 salutem,

575 1206 693 1262 etc.
781 1199 1218 1261 Intelleximus
1247 1200 1416 1279 quod
1442 1199 1697 1280 quidam
1721 1198 2075 1278 iniquitatis
2091 1197 2205 1256 filii
2227 1214 2339 1257 sue
2366 1195 2593 1257 salutis
2613 1194 3035 1265 immemores,

575 1327 776 1386 nuper
816 1307 881 1366 in
929 1305 1235 1385 quosdam
1287 1306 1574 1365 homines
1622 1311 1872 1365 nostros
1919 1303 2259 1365 familiares
2309 1302 2386 1362 de
2436 1306 2646 1361 castro
2694 1306 2911 1361 nostro
2961 1299 3041 1361 de

577 1412 908 1490 Ledebury
965 1411 1194 1483 North,
1251 1412 1318 1471 in
1373 1416 1634 1489 pastura
1688 1416 1907 1471 nostra
1964 1414 2028 1470 et
2085 1408 2274 1470 bosco
2331 1413 2549 1468 nostro
2605 1405 2682 1466 de
2738 1406 3034 1467 Astwode

577 1519 660 1580 ad
700 1518 865 1579 idem
907 1528 1188 1578 castrum
1230 1516 1707 1597 pertinentibus,
1755 1522 2039 1577 nostrum
2086 1514 2487 1575 commodum
2529 1516 2941 1591 procurantes
2976 1517 3042 1571 et

577 1624 714 1704 jure
757 1629 970 1684 nostro
1012 1629 1286 1694 utenteS,
1330 1622 1636 1682 insultum
1679 1622 1982 1691 fecerunt,
2021 1626 2085 1679 et
2127 1619 2442 1698 quendam
2485 1636 2715 1698 equum
2752 1623 3036 1676 nostrum

577 1729 848 1809 graviter
877 1727 1306 1799 vulnerarunt,
1338 1726 1651 1805 bovesque
1689 1732 1753 1786 et
1798 1744 1946 1785 oves
1993 1743 2116 1805 que
2160 1724 2349 1784 iidem
2396 1721 2685 1782 homines
2730 1721 2932 1781 nostri
2975 1720 3043 1781 in

579 1834 856 1912 dampno
899 1840 1118 1893 nostro
1160 1839 1294 1893 tam
1334 1837 1588 1911 pasture
1616 1850 1808 1911 quam
1837 1830 2007 1890 bosci
2038 1831 2431 1898 invenerunt,
2464 1833 2529 1887 et
2556 1846 2677 1907 que
2708 1827 3045 1887 voluerunt

577 1943 832 2019 propter
858 1937 978 1998 hoe
1020 1937 1294 2015 legitime
1323 1939 1725 2016 imparcasse,
1759 1945 2006 1997 armata
2048 1955 2242 1996 manu
2284 1935 2682 1995 abstulerunt
2713 1934 2793 1995 ab
2831 1935 2943 2007 eis,
2974 1935 3043 1994 in

577 2054 867 2104 nostrum
909 2047 972 2102 et
1013 2042 1296 2102 Ecclesia
1337 2050 1554 2102 nostre
1581 2048 2038 2120 contemptum,
2083 2041 2451 2119 dampnum,
2496 2039 2931 2118 prejudicium,
2976 2046 3047 2099 et

578 2167 919 2229 gravamen
937 2152 999 2207 et
1017 2167 1273 2208 suarum
1292 2146 1637 2225 periculum
1655 2147 2029 2207 animarum.
2116 2146 2425 2221 Quocirca
2444 2145 2622 2206 vobis
2641 2144 3041 2217 mandamus,

579 2254 645 2315 in
673 2254 902 2315 virtute
929 2252 1287 2313 obediencie
1307 2252 1571 2312 firmiter
1592 2252 1993 2331 injungentes
2015 2252 2313 2331 quatinus
2344 2250 2425 2311 ad
2453 2250 2691 2311 vicinas
2723 2249 3042 2323 ecclesias,

579 2360 921 2439 assumptis
975 2358 1294 2420 vobiscum
1351 2358 1598 2419 vicariis
1654 2367 1766 2419 aut
1822 2358 2167 2436 capellanis
2216 2361 2369 2438 quot
2420 2362 2482 2417 et
2532 2376 2689 2436 quos
2740 2356 3049 2419 duxeritis

579 2466 917 2544 eligendos,
948 2465 1362 2545 personaliter
1389 2465 1722 2537 accedatis,
1756 2474 1819 2525 et
1858 2484 2077 2525 omnes
2104 2464 2419 2543 predictos
2448 2468 2941 2542 transgressores
2969 2482 3047 2523 ac

581 2572 915 2650 complices
964 2571 1345 2643 eorumdem,
1397 2571 1783 2651 competenti
1838 2572 2196 2632 municione
2235 2570 2562 2650 premissa,
2618 2570 3047 2629 excommuni-

579 2683 757 2739 catos
786 2677 1181 2738 denuncietis
1209 2678 1274 2736 in
1301 2696 1546 2756 genere,
1579 2682 1642 2737 et
1669 2677 1737 2736 in
1780 2677 2073 2738 omnibus
2115 2677 2397 2738 ecclesiis
2440 2678 2809 2737 Decanatus
2850 2678 3045 2737 vestri

582 2782 948 2843 denunciari
975 2782 1223 2843 faciatis
1264 2782 1510 2861 publice
1555 2782 1645 2843 sic
1674 2784 1922 2861 ligatos,
1956 2784 2154 2844 donec
2182 2783 2260 2844 de
2290 2782 2572 2862 predicta
2601 2784 2833 2862 injuria
2860 2782 3046 2844 nobis

581 2895 646 2951 et
693 2889 977 2951 Ecclesie
1019 2896 1230 2949 nostre
1274 2888 1692 2950 satisfecerint
1745 2897 2193 2969 competenter.
2303 2891 2399 2951 De
2448 2889 2808 2950 nominibus
2850 2890 3047 2951 etiam

579 2996 1058 3056 malefactorum
1103 2995 1435 3073 diligenter
1475 3003 1539 3055 et
1575 2995 1841 3055 sollicite
1869 2986 2224 3075 inquiratiS,
2258 3004 2322 3056 et
2352 3014 2567 3057 eorum
2597 2997 2857 3056 nomina
2884 3016 3046 3075 quos

579 3121 692 3182 per
719 3101 1196 3182 inquisicionem
1226 3100 1566 3180 culpabiles
1594 3101 1959 3162 inveneritis
1982 3103 2046 3161 in
2068 3102 2391 3181 premissis
2414 3101 2614 3173 nobis,
2640 3110 2750 3162 aut
2777 3102 3049 3163 Officiali

579 3217 816 3281 nostro,
869 3208 1031 3269 infra
1079 3228 1361 3269 mensem
1410 3208 1475 3268 in
1527 3208 1779 3287 scriptis
1830 3204 1946 3268 sub
2000 3207 2201 3286 sigillo
2243 3212 2455 3287 vestro
2505 3208 2748 3268 faciatis
2790 3207 3045 3269 habere.

583 3315 868 3391 Qualiter
895 3320 1109 3375 autem
1137 3313 1508 3374 mandatum
1537 3326 1825 3374 nostrum
1854 3314 1919 3373 in
1952 3314 2072 3375 hac
2099 3319 2281 3393 parte
2309 3314 2552 3374 fueritis
2573 3317 2821 3374 executi
2843 3314 3047 3387 nobis,

581 3422 684 3483 vel
733 3420 1020 3491 Officiali,
1073 3420 1236 3480 infra
1293 3438 1573 3481 mensem
1630 3419 1898 3480 fideliter
1952 3439 2063 3499 per
2118 3428 2363 3481 vestras
2416 3419 2661 3481 litteras
2718 3421 3045 3483 intimetis.

585 3528 824 3588 Datum
854 3527 1023 3605 apud
1051 3525 1431 3604 Prestebury
1459 3524 1607 3603 xviij
1639 3525 1965 3585 Kalendas
1998 3525 2173 3585 Maii.

583 3768 743 3829 Like
772 3768 1067 3828 Mandata
1098 3775 1155 3828 to
1189 3768 1286 3828 the
1313 3767 1519 3827 Rural
1545 3768 1724 3827 Dean
1751 3769 1821 3848 of
1860 3768 2036 3832 Clun.

750 3910 1159 3971 Omma—In
1187 3910 1409 3971 eadem
1439 3910 1640 3971 lor-ma
1667 3910 2036 3970 mandatum
2069 3911 2188 3970 fuit
2218 3911 2477 3972 Decano
2506 3910 2584 3971 de
2613 3910 2827 3972 Clone.

587 4152 810 4213 March
857 4152 1247 4213 27.-Letter
1297 4158 1354 4211 to
1406 4151 1502 4211 the
1549 4151 1775 4229 Priory
1823 4153 1894 4231 of
1932 4151 2327 4222 Leominster‚
2368 4152 2687 4231 following]
2736 4173 2777 4212 a
2812 4153 3055 4231 sor-mal

829 4232 1172 4301 visitation‚
1211 4232 1576 4311 forbiddinq
1619 4232 1671 4291 it
1718 4239 1775 4293 to
1820 4232 1949 4293 look
1992 4233 2089 4293 the
2134 4233 2378 4293 Ghurch
2418 4234 2593 4295 doors
2636 4234 2761 4293 and
2796 4243 3051 4311 prevent

832 4333 1026 4373 access
1044 4314 1152 4391 sor
1171 4313 1498 4392 parochial
1523 4334 1677 4383 useS,
1721 4334 1789 4373 as
1822 4314 1943 4373 had
1974 4314 2114 4374 been
2139 4314 2291 4375 done
2320 4321 2378 4373 to
2408 4313 2505 4373 the
2531 4314 3053 4391 discouraqement

831 4394 902 4473 of
934 4414 1236 4454 reverence
1264 4394 1389 4453 and
1417 4394 1712 4465 devotion,
1745 4394 1870 4453 and
1902 4394 1998 4453 the
2037 4394 2266 4471 danyer
2293 4395 2363 4472 os
2399 4394 2561 4455 those
2602 4394 2731 4455 who
2760 4415 2925 4455 came
2941 4396 3055 4474 sor

831 4481 1162 4551 sanctuary
1210 4474 1450 4533 within.
1569 4475 1692 4535 The
1746 4474 1991 4535 Church
2030 4482 2193 4535 must
2232 4483 2337 4535 ‘not
2380 4475 2446 4535 be
2486 4476 2635 4535 used
2663 4476 2772 4553 sor
2812 4476 3052 4537 secula?-

824 4576 1118 4634 purposes
1147 4576 1226 4614 on
1255 4555 1392 4633 holy
1421 4555 1592 4632 days.
1682 4556 1807 4616 The
1833 4575 1939 4615 use
1966 4556 2036 4635 of
2072 4555 2169 4617 the
2212 4556 2355 4616 belle
2382 4562 2545 4616 must
2572 4563 2677 4616 ‘not
2707 4556 2773 4616 be
2798 4558 3055 4637 stopped

831 4656 944 4696 nor
970 4635 1336 4713 almsqivinq
1365 4636 1682 4696 curtailed.

755 4780 970 4839 Pmm
989 4795 1268 4865 mmmm
1297 4778 2154 4852 Ln0M1N1srRs.—-Thomas,
2180 4785 2296 4841 etc.
2382 4780 2583 4841 Priori
2611 4786 2676 4840 et
2698 4781 3053 4845 Conventui

593 4886 1055 4957 Leoministrie,
1100 4889 1241 4955 etc„
1286 4883 1689 4945 Visitacionis
1739 4884 1923 4944 oflicii
1965 4884 2245 4947 debitum
2286 4886 2352 4945 in
2395 4886 2660 4948 ecclesia
2700 4888 3053 4966 parochiali
