3459 5617
60 4834 158 4875 5³01.
189 4832 292 4873 ub.

1215 512 1510 591 Episcopi
1566 513 2048 592 Heresordensis.
2784 517 2865 579 37

397 733 563 794 imus
611 736 916 797 canonice
961 736 1028 796 in
1075 736 1316 799 eadem.
1443 738 1522 797 In
1574 738 1774 818 cujus,
1834 744 1953 801 etc.
2081 740 2319 802 Datum
2372 740 2763 815 Herefordie,
2824 762 2865 803 x

397 838 725 901 Kalendas
781 841 1027 915 Marcii,
1086 860 1252 901 anno
1309 842 1565 903 Domini
1623 842 2057 905 M⁰OG⁰LXX⁰
2112 846 2351 925 quinto.

561 971 943 1034 Mandatum
986 980 1082 1035 est
1125 973 1390 1036 Officiali
1431 974 1598 1054 quod
1638 978 1854 1037 mittat
1896 996 2042 1037 eum
2083 978 2148 1037 in
2191 978 2578 1057 corporalem
2617 998 2865 1058 posses-

397 1096 666 1139 sionem.

393 1359 540 1420 Dec.
597 1362 698 1431 26,
755 1361 1146 1421 1275.--The
1206 1361 1374 1439 Kinq
1438 1362 1602 1423 takes
1663 1363 1858 1423 under
1922 1363 2017 1423 his
2074 1363 2413 1441 protection
2472 1363 2569 1424 the
2629 1363 2857 1441 Priory

641 1443 712 1520 of
764 1442 1160 1513 Lemninster,
1229 1464 1270 1501 a
1330 1443 1443 1503 cell
1501 1444 1570 1521 of
1631 1444 1914 1521 Readz'nq
1984 1444 2203 1521 Abbcy,
2262 1444 2541 1524 founded
2610 1444 2685 1521 by
2759 1444 2857 1504 his

641 1530 964 1593 ancestors,
1007 1522 1208 1583 which
1253 1524 1306 1583 is
1354 1524 1585 1601 qreatly
1635 1524 1706 1583 in
1752 1525 1907 1595 debt,
1960 1526 2085 1583 and
2132 1525 2295 1604 qives
2348 1524 2445 1585 the
2492 1526 2744 1603 custody
2794 1526 2866 1605 of

641 1602 726 1663 its
769 1610 984 1663 estates
1029 1609 1086 1663 to
1131 1604 1239 1664 Sir
1281 1605 1528 1665 Roland
1567 1604 1640 1665 de
1675 1605 1911 1683 Harley
1964 1613 2021 1665 to
2073 1606 2329 1684 provide
2375 1607 2484 1684 for
2540 1626 2855 1683 necessary

641 1691 838 1744 wants
881 1684 1006 1744 and
1051 1684 1147 1744 the
1181 1706 1348 1765 poor.

555 1850 856 1911 'er‘rnRA
925 1851 1131 1912 Rnsls
1203 1870 1289 1911 nn
1371 1852 2155 1923 RAmNun.—Edwardus,
2233 1851 2353 1912 Dei
2435 1852 2644 1931 gracia
2726 1852 2863 1913 Rex

397 1956 638 2035 Anglie‚
687 1956 998 2017 Dominus
1054 1957 1396 2036 Hybernie,
1441 1966 1504 2019 et
1563 1958 1706 2018 Dux
1766 1958 2166 2039 Aquitannie,
2219 1958 2511 2018 omnibus
2568 1960 2649 2018 ad
2700 1976 2861 2038 quos

393 2074 722 2142 presentes
771 2064 978 2125 littere
1027 2064 1420 2143 pervenerint
1471 2065 1759 2126 salutem.
1866 2064 1931 2124 Si
1983 2064 2151 2143 piam
2195 2064 2621 2124 intencionem
2669 2083 2861 2143 quam

395 2170 826 2249 progenitores
854 2170 1073 2242 nostri,
1106 2171 1306 2249 Reges
1337 2171 1573 2249 Anglie,
1606 2171 1670 2230 in
1706 2169 2081 2230 fundacione
2108 2169 2334 2230 domus
2378 2176 2442 2229 et
2486 2169 2857 2230 Monasterii

395 2276 474 2335 de
501 2276 787 2354 Radinge
815 2295 936 2356 que
965 2275 1044 2336 ab
1072 2276 1309 2336 eisdem
1337 2276 1611 2354 Regibus
1638 2276 2004 2335 immediate
2034 2279 2380 2335 noscuntur
2404 2293 2544 2335 esse
2568 2275 2856 2347 fundata,

393 2380 723 2460 diligenter
743 2383 809 2440 in
831 2382 1043 2441 animo
1065 2383 1476 2452 revolvamus,
1502 2381 1558 2459 ej
1569 2382 1785 2441 usdem
1808 2381 2034 2442 domus
2056 2382 2377 2443 imiuentis
2399 2382 2852 2445 destruccionis

391 2487 669 2565 periculo
709 2495 1000 2548 tenemur
1033 2487 1216 2548 celeri
1246 2487 1521 2548 remedio
1550 2487 1900 2559 subvenire,
1934 2507 2012 2547 ne
2041 2488 2351 2547 dictorum
2379 2488 2852 2566 progenitorum

393 2593 458 2650 in
486 2591 604 2652 hac
634 2598 815 2671 parte
843 2592 1167 2653 fraudetur
1195 2592 1488 2662 intenci0,
1521 2600 1586 2651 et
1616 2600 1688 2652 ut
1716 2592 2015 2671 ipsorum,
2051 2610 2175 2651 non
2206 2592 2413 2652 solum
2438 2611 2553 2670 pro
2582 2611 2658 2653 eo
2686 2592 2855 2671 quod

391 2696 528 2776 ipsa
555 2698 785 2758 domus
813 2716 926 2777 pro
955 2698 1105 2776 ipsis
1133 2710 1196 2758 et
1227 2697 1406 2758 nobis
1444 2698 1797 2777 nostrisque
1826 2698 2291 2758 successoribus
2324 2697 2589 2757 fundata
2618 2698 2853 2770 extitit,

391 2821 608 2863 verum
637 2805 841 2864 eciam
869 2812 1171 2884 tanquam
1207 2823 1366 2865 nove
1397 2804 1793 2864 fundacionis
1822 2824 1934 2864 seu
1963 2804 2368 2864 relevaciouis
2396 2804 2622 2865 domus
2650 2804 2852 2883 ipsius

391 2916 680 2969 auctores
709 2918 901 2989 atque
926 2909 1264 2988 participes
1293 2909 1428 2968 fieri
1468 2908 1829 2969 debeamus.
1916 2908 2078 2969 Cum
2104 2910 2319 2987 itaque
2347 2908 2572 2970 domus
2606 2910 2745 2987 ipsa
2775 2910 2859 2970 sit

388 3015 457 3074 in
508 3015 732 3075 multis
781 3015 1045 3075 summis
1093 3016 1354 3094 pecunie
1405 3015 1724 3075 nonnullis
1774 3015 2183 3075 creditoribus
2232 3014 2528 3095 obligata,
2575 3016 2657 3077 ad
2698 3032 2859 3095 quas

389 3120 728 3182 solvendas
770 3119 1006 3201 absque
1049 3121 1460 3183 distraccione
1493 3140 1699 3182 rerum
1732 3131 1794 3181 et
1826 3121 2129 3181 bonorum
2161 3139 2418 3182 suorum
2448 3139 2572 3180 non
2602 3121 2851 3195 sufficit,

389 3226 508 3287 nisi
564 3227 772 3307 ipsius
829 3232 894 3287 et
950 3228 1373 3287 membrorum
1433 3246 1688 3288 suorum
1753 3226 1834 3288 ad
1898 3234 2147 3306 tempus
2211 3245 2481 3305 expense
2541 3226 2857 3305 superflue

387 3341 752 3393 resecentur
764 3351 781 3405 ;
827 3350 944 3393 nos
985 3334 1269 3411 ejusdem
1311 3334 1536 3394 domus
1578 3335 2021 3413 conpacientes
2060 3334 2273 3406 statui,
2318 3340 2383 3394 et
2420 3334 2484 3394 in
2526 3334 2747 3394 eadem
2790 3340 2855 3395 et

387 3438 688 3499 membris
733 3438 870 3498 Deo
910 3438 1322 3499 serviencium
1364 3439 1849 3502 exhoneracioni
1895 3440 2219 3519 providere
2268 3437 2553 3499 volentes
2596 3440 2857 3501 domum

387 3562 498 3603 seu
539 3544 770 3604 cellam
811 3544 888 3605 de
931 3544 1368 3617 Leoministre,
1415 3545 1899 3606 Herefordensis
1941 3545 2227 3617 diocesis,
2263 3544 2345 3605 ad
2394 3543 2854 3605 Monasterium

386 3649 743 3727 predictum
794 3650 872 3709 de
919 3650 1204 3729 Radinge
1251 3651 1438 3729 pleno
1483 3650 1622 3730 jure
1670 3659 2088 3729 spectantem,
2134 3652 2417 3730 cepimus
2476 3652 2543 3711 in
2591 3670 2851 3713 manum

387 3763 690 3829 nostram,
757 3765 822 3817 et
865 3758 928 3815 in
986 3756 1412 3817 defensionem
1470 3761 1769 3828 nostram,
1814 3757 2009 3818 veluti
2058 3758 2139 3817 ad
2188 3766 2527 3835 patronum
2578 3759 2853 3837 pertinet

383 3860 700 3937 ejusdem
741 3880 818 3920 ac
850 3862 1131 3921 omnium
1171 3880 1378 3921 rerum
1417 3870 1482 3921 et
1519 3862 2048 3939 pertinenciarum
2094 3881 2352 3923 suarum
2391 3863 2745 3924 custodiam
2784 3864 2852 3924 in
2896 3916 2914 3935 ,

383 3966 841 4046 temporalibus
869 3966 1100 4028 dilecto
1128 3968 1310 4027 nobis
1339 3967 1670 4027 Roulando
1697 3966 1775 4027 de
1807 3968 2101 4046 Herleye,
2126 3968 2329 4039 militi,
2356 3968 2846 4039 committentes,

384 4091 458 4133 ac
510 4072 918 4151 injungentes
966 4072 1168 4134 eidem
1219 4073 1406 4154 quod,
1450 4073 1712 4143 fructus,
1763 4074 2066 4144 redditus,
2118 4084 2182 4133 et
2230 4082 2573 4152 proventus
2623 4071 2850 4133 domus

382 4179 664 4257 predicte
721 4178 991 4239 fideliter
1047 4178 1344 4257 colligens
1402 4188 1465 4239 et
1525 4198 1924 4250 conservans,
1969 4179 2210 4239 decano
2269 4184 2332 4239 et
2393 4178 2731 4257 capellanis
2778 4177 2846 4238 in

382 4285 606 4344 eadem
651 4284 789 4344 Deo
829 4284 1280 4345 famulantibus
1322 4285 1678 4346 necessaria
1721 4286 1786 4344 in
1830 4284 1998 4343 victu
2040 4289 2102 4343 et
2130 4283 2367 4344 vestitu
2415 4288 2847 4361 competenter

376 4390 676 4462 inveniet,
723 4410 796 4450 ac
843 4389 1224 4469 pauperibus
1281 4389 1803 4460 mendicantibus,
1848 4388 2196 4449 secundum
2247 4387 2413 4468 quod
2478 4392 2651 4447 carte
2706 4406 2851 4465 pre·

373 4496 691 4558 dictorum
744 4495 1153 4557 fundatorum
1209 4496 1552 4577 requirunt,
1611 4495 1843 4556 ibidem
1899 4494 2273 4554 elemosinas
2338 4500 2551 4571 eroget
2612 4492 2849 4553 intuitu

377 4602 683 4664 caritatis.
769 4601 1078 4662 Volumus
1120 4608 1337 4664 autem
1377 4602 1564 4682 quod,
1596 4601 1897 4662 resecatis
1940 4599 2270 4678 superfluis
2323 4604 2457 4659 tam
2501 4598 2566 4657 in
2608 4596 2849 4658 familia

375 4730 564 4789 quam
609 4708 904 4787 expensis
944 4708 1106 4780 aliis,
1152 4720 1214 4769 et
1261 4709 1588 4787 potissime
1631 4709 1695 4768 in
1746 4706 2329 4786 supervenientibus
2377 4705 2559 4784 juxta
2608 4704 2845 4765 Statuti

374 4815 573 4876 nostri
604 4822 910 4885 tenorem,
935 4814 1255 4875 residuum
1284 4814 1642 4874 reddituum
1673 4821 1737 4873 et
1765 4820 2183 4891 proventuum
2204 4809 2445 4889 prefate
2472 4808 2701 4868 domus
2728 4826 2842 4885 per

373 4921 600 5001 ipsum,
630 4939 745 5000 per
773 4919 978 4981 visum
1009 4920 1271 4981 Abbatis
1311 4926 1372 4981 et
1415 4920 1649 4980 Prioris
1690 4920 1770 4980 de
1812 4918 2097 4996 Radinge
2139 4922 2201 4977 et
2244 4916 2508 4976 aliorum
2556 4932 2712 4996 quos
2760 4912 2845 4974 ad
