3459 5617
337 4438 432 4479 Fol.
459 4437 554 4478 2911.

641 482 722 543 92
1286 480 1641 559 Reqistrum
1696 480 1917 541 Thome
1970 480 2045 541 dc
2102 479 2433 560 Cantilupo

643 704 879 765 habent
947 706 1023 765 (10
1086 704 1360 766 Ι)01111110
1422 705 1609 784 Rege,
1672 703 1917 765 ballivis
1974 704 2284 765 dictorum
2352 703 2671 784 Episcopi,
2730 702 2975 765 Decani
3042 708 3117 765 011

645 808 919 888 Capituli
975 829 1118 868 cum
1174 808 1401 869 delicto
1457 828 1571 869 suo
1618 828 1734 887 pro
1788 828 1913 888 quo
1962 808 2081 869 fuit
2129 807 2528 878 attachiatus,
2584 812 2650 868 et
2704 808 2770 865 in
2822 807 3115 886 ipsorum

643 915 816 974 curia
854 915 1156 993 judicium
1199 935 1383 976 suum
1425 914 1682 994 recipiet
1723 920 1789 975 011
1828 915 2141 994 punietur.
2233 913 2400 975 Item
2442 914 2705 993 predicti
2748 913 2919 974 cives
2959 933 3113 973 con-

645 1027 986 1092 cesserunt,
1037 1041 1150 1100 pro
1207 1041 1274 1082 se
1331 1028 1395 1083 et
1449 1020 1784 1082 heredibus
1834 1021 1983 1091 suis,
2032 1020 2291 1099 prefatis
2346 1019 2681 1099 Episcopo,
2726 1020 2985 1080 Decano
3042 1024 3117 1079 et

646 1128 954 1207 Capitulo,
998 1133 1062 1188 et
1119 1127 1582 1189 successoribus
1641 1127 1772 1188 suis
1828 1127 1895 1186 in
1947 1132 2340 1207 perpetuum,
2392 1126 2527 1187 sine
2583 1126 3113 1196 contradiccione,

643 1234 1018 1313 calumpnia,
1091 1254 1203 1295 seu
1286 1233 1736 1313 impedimento
1820 1233 1918 1293 sui
1992 1232 2093 1293 vel
2174 1233 2474 1293 heredum
2558 1236 2669 1291 aut
2736 1231 3117 1291 ballivorum

645 1361 920 1411 suorum,
962 1340 1314 1420 pilloricum
1370 1346 1435 1400 et
1490 1338 1893 1400 tumbrellum
1950 1338 2207 1399 Domini
2264 1337 2453 1417 Regis
2494 1337 2562 1396 in
2603 1337 2859 1397 civitate
2902 1336 3111 1397 Here—

643 1447 937 1517 fordensi‚
981 1452 1113 1507 tam
1169 1452 1450 1525 tempore
1505 1445 1928 1505 nundinarum
1986 1444 2136 1505 dicti
2192 1443 2491 1523 Episcopi
2548 1463 2738 1523 quam
2787 1446 2979 1513 extra,
3022 1442 3116 1502 ad

643 1554 924 1633 predicta
970 1551 1204 1632 judicia
1251 1549 1364 1612 sua
1420 1550 1704 1611 facienda
1766 1555 1830 1611 et
1889 1550 2009 1610 alia
2068 1570 2210 1609 cum
2271 1547 2638 1628 contingent
2685 1567 2798 1627 per
2845 1547 3117 1609 ballivos

641 1659 921 1738 ipsorum
977 1657 1295 1737 Episcopi,
1353 1656 1592 1718 Decani
1648 1662 1712 1717 et
1769 1656 2058 1736 Capituli.
2164 1654 2491 1715 Predictus
2546 1674 2694 1715 vero
2750 1654 3119 1733 Episcopus

636 1764 990 1843 pilloricum
1039 1768 1103 1823 et
1153 1761 1554 1823 tumbrellum
1605 1782 1725 1842 que
1784 1762 2096 1823 levaverat
2156 1761 2223 1820 in
2280 1760 2533 1820 civitate
2588 1759 2890 1839 predicta,
2934 1759 3111 1820 unde

636 1874 772 1931 erat
815 1869 1142 1930 contencio
1185 1869 1350 1929 inter
1391 1888 1498 1929 eos
1542 1867 1608 1927 in
1650 1867 1839 1929 Curia
1882 1866 2138 1927 Domini
2180 1866 2387 1946 Regis,
2419 1864 2605 1925 faciet
2649 1865 2981 1944 prosterni,
3011 1864 3113 1925 ita.

637 1975 805 2055 quod
839 1975 1124 2035 decetero
1158 1994 1286 2034 non
1317 1973 1622 2034 leventur.
1709 1973 1877 2033 Item
1907 1976 2350 2034 concesserunt
2383 1970 2533 2031 dicti
2568 1969 2753 2041 cives,
2782 1990 2899 2049 pro
2934 1990 3001 2031 se
3036 1976 3111 2031 et

637 2081 969 2142 heredibus
1003 2080 1134 2141 suis
1168 2080 1626 2159 inperpetuum,
1658 2079 1825 2158 quod
1853 2098 2071 2139 omnes
2105 2076 2393 2138 homines
2432 2076 2741 2137 dictorum
2776 2075 3109 2155 Episcopi,

639 2187 880 2247 Decani
909 2192 972 2248 et
1002 2185 1294 2266 Capituli,
1317 2190 1380 2246 et
1411 2184 1889 2255 Canonicorum,
1919 2189 1984 2244 011
2014 2182 2117 2243 alii
2146 2182 2253 2262 qui
2284 2187 2544 2242 manent
2572 2181 2639 2239 in
2668 2202 2887 2242 eorum
2915 2180 3111 2241 terris

637 2298 702 2355 et
742 2292 942 2353 feodis
984 2292 1049 2350 in
1093 2291 1346 2352 civitate
1386 2290 1683 2370 predicta,
1714 2289 1905 2350 libere
1938 2294 2154 2350 emant
2191 2293 2257 2349 et
2284 2287 2559 2348 vendant
2593 2286 2659 2345 in
2694 2286 2915 2347 eadem
2953 2285 3110 2345 civi-

639 2403 769 2459 tate
821 2403 886 2458 et
942 2396 1412 2457 marchandisas
1470 2415 1616 2456 suas
1661 2395 1913 2465 faciant,
1964 2400 2028 2455 et
2076 2393 2271 2473 quieti
2318 2392 2447 2453 sint
2492 2392 2569 2453 de
2618 2392 2858 2452 tolneto
2910 2397 2975 2452 et
3023 2391 3111 2452 de

635 2501 926 2563 omnibus
955 2501 1092 2562 aliis
1121 2499 1554 2561 exaccionibus
1583 2499 2075 2580 quibuscunque,
2107 2503 2366 2578 excepta
2406 2502 2592 2577 gente
2634 2496 2712 2557 de
2740 2497 3099 2557 advocaria.

634 2609 802 2669 Item
831 2628 1050 2669 omnes
1079 2607 1366 2668 homines
1399 2605 1691 2667 forinseci
1733 2606 2043 2667 dictorum
2080 2604 2399 2685 Episcopi,
2429 2604 2669 2664 Decani
2698 2608 2764 2665 et
2794 2602 3100 2683 Capituli,

636 2719 769 2774 tam
817 2710 994 2772 liberi
1042 2730 1232 2791 quam
1274 2710 1640 2770 custumarii
1682 2708 1959 2789 exceptis
2002 2708 2451 2769 mercatoribus
2494 2714 2771 2768 mercata
2814 2708 2897 2767 ad
2940 2727 3107 2767 mar-

635 2818 968 2879 chandisas
1025 2836 1171 2877 suas
1221 2815 1536 2875 faciendas
1584 2814 2016 2876 exercentibus
2066 2814 2131 2873 in
2179 2814 2461 2893 predicta
2508 2812 2763 2873 civitate
2812 2813 2893 2872 ad
2945 2832 3111 2891 opus

632 2942 820 2983 suum
860 2920 1199 3001 proprium,
1242 2920 1446 2981 libere·
1475 2925 1688 2980 emant
1730 2920 1942 2981 omnia
1981 2920 2227 2980 venalia
2267 2920 2333 2978 in
2374 2924 2766 2998 perpetuum,
2799 2923 2864 2978 et
2909 2918 3099 2979 blada

637 3048 752 3089 sua
795 3033 858 3088 et
901 3026 1193 3087 animalia
1236 3032 1301 3087 et
1342 3026 1554 3087 omnia
1595 3026 1716 3086 alia
1757 3026 1921 3087 bona
1963 3046 2077 3086 sua
2118 3026 2393 3086 vendant
2434 3025 2515 3085 ad
2546 3024 2849 3104 placitum
2886 3044 3100 3095 suum,

634 3138 892 3212 excepta
919 3131 1284 3191 vendicione
1326 3151 1680 3210 pannorum
1718 3151 1832 3210 per
1872 3131 2087 3201 ulnas;
2133 3136 2197 3192 011
2238 3129 2434 3210 quieti
2478 3129 2607 3190 sint
2646 3129 2723 3189 de
2756 3128 3005 3189 tolneto
3040 3134 3109 3189 et

635 3236 928 3297 omuibus
974 3235 1111 3295 aliis
1157 3235 1608 3296 exaccionibus.
1693 3236 1781 3295 Et
1826 3255 1969 3295 cum
2014 3234 2273 3295 dubium
2316 3234 2503 3294 fuerit
2544 3233 2652 3313 qui
2700 3234 2830 3293 sint
2864 3254 3110 3294 merca-

637 3347 806 3401 tores
847 3341 924 3400 de
965 3339 1324 3400 hominibus
1365 3340 1680 3419 predictiS,
1711 3340 2001 3400 credatur
2044 3340 2134 3401 eis
2176 3359 2365 3419 super
2408 3340 2526 3400 hoc
2569 3359 2681 3419 per
2723 3339 2925 3399 solam
2970 3339 3107 3399 affi-

635 3446 960 3507 dacionem
989 3465 1168 3505 suam
1199 3445 1334 3506 sine
1362 3446 1570 3525 aliqua
1602 3446 1723 3505 alia
1758 3446 2141 3507 difficultate.
2235 3445 2405 3506 Item
2447 3450 2895 3506 concesserunt
2939 3446 3101 3506 dicti

636 3552 822 3623 civeS,
852 3572 966 3631 pro
995 3571 1062 3611 se
1091 3555 1155 3611 et
1183 3550 1514 3612 heredibus
1545 3552 1674 3612 suis
1702 3552 2000 3630 predictis
2030 3551 2364 3630 Episcopo,
2397 3552 2653 3611 Decano
2684 3556 2749 3610 et
2784 3550 3107 3629 Capitu10,

636 3662 700 3719 011
769 3655 1232 3718 successoribus
1301 3656 1451 3727 suis,
1518 3657 1685 3735 quod
1753 3661 2131 3717 mercatores
2201 3661 2489 3717 tenentes
2558 3656 2635 3716 de
2705 3654 2906 3716 feodis
2972 3656 3116 3717 suis

635 3770 964 3825 manentes
1007 3764 1072 3822 in
1114 3763 1278 3824 villis
1322 3764 1397 3823 de
1439 3763 1808 3842 Bromyard,
1858 3763 2203 3841 Ledebury,
2240 3764 2389 3834 Rea,
2433 3768 2497 3823 et
2538 3762 2862 3832 Prestone,
2908 3761 3114 3825 libere

639 3878 853 3933 emant
895 3872 960 3930 in
1002 3872 1254 3931 civitate
1294 3871 1592 3950 predicta,
1639 3872 1803 3931 sicut
1848 3877 1995 3932 ante
2037 3871 2224 3932 istam
2268 3871 2665 3932 concordiam
2706 3870 2911 3931 facere
2956 3890 3113 3931 con-

641 3982 1016 4047 sueverunt;
1075 3976 1164 4036 ita
1218 3977 1386 4055 quod
1432 3997 1546 4056 pro
1595 3976 2050 4037 marchandisis
2101 3976 2231 4037 suis
2282 3976 2476 4055 quieti
2540 3976 2669 4036 sint
2733 3976 2808 4036 de
2858 3975 3117 4037 tolneto

641 4089 704 4143 et
745 4082 1036 4143 omnibus
1079 4082 1216 4142 aliis
1257 4082 1708 4143 exaccionibus.
1793 4082 1961 4143 Item
2001 4082 2266 4162 predicti
2308 4082 2661 4161 Episcopus
2703 4086 2768 4142 et
2803 4082 3114 4144 Decanus

638 4195 703 4250 et
759 4188 1119 4268 Capitulum
1175 4194 1636 4260 concesserunt,
1686 4208 1801 4268 pro
1860 4208 1926 4249 se
1984 4193 2047 4248 et
2103 4187 2567 4248 successoribus
2630 4186 2779 4258 suis,
2830 4188 3003 4266 quod
3071 4208 3117 4249 a

639 4296 740 4356 die
780 4315 905 4375 quo
947 4295 1063 4355 hec
1105 4295 1435 4355 concordia
1476 4295 1642 4355 facta
1681 4294 1802 4355 111111
1850 4294 2241 4373 inposterum
2288 4294 2484 4354 nichil
2532 4294 2611 4354 ad
2660 4314 2728 4355 se
2776 4292 3116 4354 attrahent

640 4402 715 4462 de
764 4400 945 4461 feodo
993 4398 1253 4460 Domini
1300 4400 1507 4479 Regis,
1555 4406 1652 4460 set
1701 4400 1983 4461 contenti
2032 4404 2216 4460 erunt
2266 4400 2343 4459 de
2386 4399 2569 4460 terris
2610 4404 2675 4460 et
2716 4400 3114 4461 tenementis

639 4518 760 4578 que
808 4496 1161 4557 habuerunt
1217 4502 1362 4557 ante
1418 4498 1607 4557 istam
1663 4496 2059 4558 concordiam
2123 4496 2189 4556 in
2244 4496 2497 4556 civitate
2552 4496 2833 4575 predicta
2891 4496 3113 4575 inper-

638 4601 917 4676 petuum.
1019 4594 1106 4653 Et
1147 4594 1200 4654 si
1244 4594 1566 4674 contingat
1608 4595 1894 4655 decetero
1944 4594 2214 4673 aliquem
2258 4593 2333 4653 de
2374 4593 2671 4672 predictis
2715 4592 2957 4654 civibus
3002 4595 3113 4655 vel

637 4712 854 4754 eorum
896 4691 1244 4762 heredibu5‚
1280 4692 1378 4752 vel
1421 4692 1497 4752 de
1539 4690 1678 4751 aliis
1719 4691 1825 4770 qui
1869 4696 2129 4750 manent
2170 4696 2345 4751 extra
2386 4689 2705 4751 civitatem
2748 4696 2813 4751 et
2856 4689 3107 4752 habent

636 4794 998 4850 tenementa
1039 4787 1200 4847 inira
1241 4789 1504 4849 eandem
1546 4789 1623 4849 de
1672 4788 1853 4849 feodo
1902 4787 2160 4847 Domini
2211 4787 2417 4867 Regis,
2462 4787 2776 4847 redditum
2819 4786 3106 4867 aliquem

634 4888 838 4967 legare
906 4884 1165 4946 ecclesie
1235 4885 1592 4947 Cathedrali
1662 4885 2109 4945 Herefordensi
2178 4884 2256 4946 de
2324 4884 2702 4945 tenementis
2766 4885 2897 4945 suis
2968 4905 3105 4964 que
