3459 5617
1145 482 1448 563 Episcopi
1501 484 1574 544 H
1569 484 1985 564 cresco-densis.
2676 493 2795 555 137

331 701 450 775 sui,
510 723 701 783 super
762 724 888 785 qua
941 705 1204 767 firmiter
1265 708 1620 787 repromisit
1675 708 1881 770 dictus
1944 711 2321 773 Procurator
2379 716 2546 794 quod
2613 714 2798 777 nobis

334 810 564 873 habere
606 811 839 873 faceret
886 812 1162 873 litteram
1200 814 1510 894 signatam
1553 815 1757 895 sigillo
1800 816 2201 879 officialitatis
2243 819 2427 880 Gurie
2470 819 2793 880 Cantuari-

330 917 540 988 ensis;
599 918 770 979 illam
812 919 1046 980 dictam
1090 920 1471 999 prebendam
1519 923 1903 993 contulimus
1940 923 2241 1003 magistro
2282 924 2413 985 Ade
2451 925 2527 985 de
2577 925 2795 1005 Fileby

329 1020 566 1082 intuitu
603 1023 917 1095 caritatis,
959 1030 1024 1085 et
1067 1025 1187 1086 hoc
1223 1025 1284 1105 vj
1323 1026 1541 1087 Nonas
1585 1026 1893 1098 Octobris,
1934 1030 2101 1108 apud
2143 1029 2432 1091 Castrum
2475 1030 2795 1111 Episcopi.

329 1127 417 1187 Et
462 1129 830 1189 mandatum
869 1135 967 1191 est
994 1130 1457 1193 Ebdomodario
1491 1132 1941 1195 Herefordensi
1979 1135 2146 1215 quod
2190 1134 2463 1207 inducat,
2511 1142 2627 1197 etc.

335 1461 460 1523 The
519 1460 913 1522 Archdcacon
966 1463 1036 1541 of
1085 1462 1293 1542 Salop,
1363 1461 1495 1522 who
1569 1460 1677 1522 has
1736 1461 1942 1541 failed
2011 1468 2069 1523 ιο
2138 1483 2368 1543 appear
2436 1463 2628 1544 before
2698 1466 2797 1527 the

574 1542 811 1622 Bishop
865 1550 932 1603 αι
990 1543 1087 1604 the
1140 1542 1340 1604 stated
1393 1542 1536 1620 day,
1588 1562 1656 1603 or
1712 1542 1809 1603 the
1860 1542 2020 1603 three
2054 1544 2376 1623 following]
2417 1544 2590 1622 days,
2634 1545 2691 1606 is
2736 1554 2795 1608 to

579 1623 646 1684 be
685 1624 1034 1685 summoned
1075 1624 1282 1702 aqain.

495 1803 1028 1865 Ancmnuconus
1074 1805 1620 1879 Summa—Quia
1662 1803 2153 1868 Archidiaconus
2206 1807 2471 1888 Salopie,
2516 1809 2797 1889 legitime

318 1916 580 1971 vocatus
657 1911 823 1990 quod
885 1916 1274 1990 compareret
1334 1931 1545 1971 coram
1608 1910 1791 1970 nobis
1847 1910 1947 1971 die
1995 1912 2258 1973 Veneris
2312 1914 2595 1992 proximo
2649 1918 2795 1994 post

328 2015 802 2077 Exaltacionem
861 2016 1090 2079 Sancte
1147 2016 1384 2087 Crucis,
1441 2036 1586 2077 cum
1643 2036 1833 2096 super
1885 2018 2219 2078 vocacione
2272 2019 2409 2099 ejus
2466 2018 2532 2077 in
2594 2018 2795 2079 forma

327 2120 486 2199 juris
547 2120 884 2182 fuissemus
947 2122 1292 2192 certificati,
1349 2122 1609 2201 ipsoque
1670 2121 1738 2180 in
1796 2120 1994 2183 valvis
2055 2122 2315 2183 ecclesie
2378 2123 2797 2185 Leominstrie

326 2245 480 2288 voce
536 2227 828 2306 preconia
882 2232 1123 2299 vocato,
1168 2248 1240 2288 ac
1296 2228 1434 2307 ipso
1489 2226 1663 2287 nullo
1719 2229 1907 2288 modo
1963 2235 2382 2308 comparente,
2426 2229 2635 2308 ipsum
2682 2250 2797 2310 per

322 2332 457 2393 dies
505 2332 808 2412 plurimos
864 2334 1362 2414 expectavimus;
1429 2354 1699 2413 cumque
1770 2354 1980 2394 coram
2048 2333 2230 2395 nobis
2298 2334 2557 2396 minime
2626 2356 2790 2395 com·

324 2459 542 2519 parere
601 2446 864 2511 curaret,
925 2460 1068 2501 eum
1127 2440 1556 2520 reputavimus
1619 2446 2091 2511 contumacem;
2160 2445 2551 2501 reservantes
2612 2440 2796 2502 nobis

327 2566 556 2624 penam
605 2546 998 2607 contumacis
1046 2546 1164 2606 sibi
1220 2546 1624 2626 infligendam
1680 2566 1826 2606 cum
1882 2546 2194 2607 videbitur
2248 2544 2429 2606 nobis
2485 2545 2793 2625 expedire.

336 2649 425 2711 Et
466 2650 855 2711 decrevimus
895 2650 1074 2709 illum
1114 2651 1342 2711 iterum
1383 2650 1516 2711 fore
1556 2651 1928 2711 vocandum.

332 2982 496 3061 Sept.
539 2981 1022 3042 22.—Mandatc
1065 2988 1122 3043 ιο
1167 2981 1264 3043 the
1304 2982 1483 3043 Dcan
1523 2983 1592 3060 of
1626 2981 2004 3059 Pontcsbury
2049 2988 2107 3041 ιο
2147 3000 2425 3041 sammon
2456 2980 2793 3058 Raymund

567 3062 640 3122 dc
684 3062 924 3141 Bevyle,
967 3063 1190 3123 Rector
1229 3064 1299 3142 of
1333 3064 1766 3141 Montyomery,
1812 3070 1869 3123 to
1910 3082 2140 3141 appear
2183 3061 2377 3141 before
2419 3061 2516 3122 the
2556 3061 2797 3141 Bishop

575 3150 633 3204 ιο
677 3163 912 3204 answer
939 3144 1049 3223 for
1091 3143 1188 3204 his
1228 3143 1703 3204 non-residcnce.

494 3326 767 3383 Damno
848 3340 935 3382 nn
1019 3324 1457 3383 Pon'rnsmmr
1553 3341 1805 3384 coum
1900 3324 2264 3383 Rnc‘ronnu
2361 3342 2447 3383 m:
2546 3324 2793 3384 Momm

327 3428 1022 3499 Gonnum—Thomas,
1103 3434 1240 3499 etc„
1321 3429 1578 3490 Decano
1660 3430 1739 3489 de
1824 3429 2221 3508 Pontesbury
2302 3429 2588 3499 salutem,
2669 3434 2787 3489 etc.

331 3534 720 3595 Affectantes
749 3532 938 3593 variis
979 3532 1272 3612 periculis
1309 3554 1632 3595 occanere
1663 3554 1786 3614 que
1819 3554 1894 3595 ex
1934 3554 2150 3595 eorum
2192 3534 2483 3594 absencia
2523 3534 2792 3595 iminent

319 3641 427 3721 qui
496 3640 561 3699 in
637 3645 854 3700 nostra
923 3639 1155 3701 diocesi
1224 3646 1520 3702 tenentur
1581 3641 1825 3701 animas
1886 3659 2097 3720 regere
2158 3640 2223 3699 in
2283 3640 2414 3701 suis
2472 3640 2793 3703 beneficiis

322 3746 598 3826 legitime
661 3750 1141 3817 commorantes,
1185 3745 1362 3807 vobis
1411 3752 1627 3807 tenore
1668 3746 2063 3826 presencium
2105 3746 2370 3807 firmiter
2408 3746 2790 3826 injungendo

327 3852 700 3913 mandamus
757 3851 1055 3931 quatinus
1112 3852 1437 3911 dominum
1491 3851 1935 3931 Reymundum
2004 3852 2081 3912 de
2143 3852 2399 3930 Bevyle,
2456 3851 2789 3912 Rectorem

319 3958 578 4019 ecclesie
635 3958 712 4018 de
774 3957 996 4018 Monte
1053 3957 1346 4036 Gomery,
1397 3957 1771 4018 auctoritate
1814 3962 2029 4019 nostra
2068 3958 2137 4017 in
2192 3957 2455 4018 ecclesia
2496 3978 2610 4018 sua
2650 3977 2788 4036 pre-

319 4066 490 4125 dicta
548 4063 796 4144 publice
851 4069 915 4125 et
974 4062 1407 4143 sollempniter
1461 4062 1771 4123 moneatis
1826 4063 2010 4142 quod,
2074 4063 2230 4123 citra
2286 4063 2548 4123 Festum
2603 4061 2789 4123 Beati

317 4171 575 4241 Thome,
639 4170 940 4250 Apostoli,
985 4170 1064 4230 ad
1122 4188 1302 4230 suam
1357 4168 1684 4229 ecclesiam
1742 4167 1859 4228 sub
1914 4188 2077 4247 pena
2131 4166 2507 4248 privacionis
2555 4168 2785 4239 redeat,

321 4276 390 4334 in
460 4276 675 4335 eadem
747 4274 1161 4335 residenciam
1224 4273 1522 4343 facturus,
1586 4277 1774 4352 prout
1835 4270 2190 4351 precipiunt
2250 4271 2549 4332 canonice
2610 4290 2787 4331 sanc-

325 4380 572 4450 ciones;
648 4379 916 4440 citantes
972 4400 1117 4441 eum
1175 4378 1240 4438 in
1303 4378 1441 4439 loco
1503 4378 1864 4457 supradicto
1924 4376 2091 4456 quod
2160 4382 2520 4456 compareat
2580 4395 2790 4437 coram

323 4486 506 4548 nobis
577 4486 859 4564 proximo
928 4485 1028 4546 die
1092 4484 1357 4565 juridico
1425 4490 1570 4563 post
1638 4484 1807 4544 idem
1867 4482 2148 4555 Festum,
2204 4482 2596 4561 ubicumque,
2667 4486 2784 4541 etc.

323 4594 562 4652 Datum
620 4592 787 4671 apud
846 4592 1120 4671 Sugwas,
1173 4612 1213 4651 x
1269 4590 1586 4651 Kalendas
1642 4589 1952 4661 Octobris,
2010 4587 2520 4650 consecracionis
2574 4591 2791 4649 nostre

321 4720 489 4760 anno
535 4700 748 4761 tercio.
