3459 5617
330 1692 428 1734 1²01.
455 1693 520 1733 27.

641 474 719 533 84
1283 471 1639 550 Registrum
1696 470 1915 531 Thome
1969 471 2043 531 de
2114 470 2445 549 Cantibupo

640 694 1104 765 Herefordensi,
1137 710 1207 753 ut
1243 695 1435 765 scitis,
1467 700 1529 754 et
1563 694 1947 774 prebendam
1982 714 2104 774 que
2135 694 2309 772 prius
2348 694 2465 753 fuit
2504 693 2740 754 domini
2777 692 3115 753 Edmundi

637 798 703 858 in
767 799 1030 860 ecclesia
1091 800 1389 878 predicta,
1457 818 1601 859 caro
1665 805 1879 859 nostro
1942 798 2241 877 magistro
2308 799 2577 860 Ricardo
2634 800 2711 860 de
2790 798 3115 859 Stratiord

639 905 1020 964 contulimus
1105 903 1338 964 intuitu
1421 904 1724 975 caritatis,
1797 904 1973 965 vobis
2056 904 2436 965 mandamus
2518 904 2815 984 quatinus
2898 904 3111 964 dictos

639 1010 1047 1070 Edmundum
1105 1023 1169 1069 et
1226 1010 1563 1070 Ricardum
1622 1010 1965 1091 quemlibet
2008 1010 2071 1070 in
2132 1030 2243 1070 sue
2284 1009 2599 1088 prebende
2642 1010 3117 1088 possessionem

639 1116 1020 1193 corporalem
1067 1136 1212 1176 cum
1254 1117 1660 1195 pertinenciis
1710 1116 2045 1187 inducatiS‚
2094 1123 2215 1177 etc.
2302 1116 2543 1176 Datum
2588 1115 2948 1185 Cantuarie,
2996 1114 3109 1193 viij

640 1220 795 1281 Idus
838 1222 1010 1282 Julii.

640 1442 792 1520 July
837 1446 891 1514 9,
934 1442 1365 1503 1276.—Writ
1407 1449 1465 1503 to
1517 1442 1614 1503 the
1663 1442 1902 1522 Sheriff
1936 1446 1997 1523 ο]
2048 1442 2540 1504 Worcestershire
2594 1450 2651 1504 to
2700 1443 2975 1505 dist-rain
3020 1464 3112 1505 on

884 1522 980 1583 the
1021 1522 1184 1582 Earl
1222 1523 1292 1602 of
1329 1522 1693 1583 Gloucester.

805 1680 938 1739 Rex
982 1678 1349 1741 Vicecomiti
1392 1678 1730 1757 Wygornie
1782 1678 2070 1739 salutem.
2177 1679 2564 1757 Precipimus
2616 1678 2727 1739 tibi
2770 1680 2938 1758 quod
2982 1680 3114 1741 dis-

635 1787 877 1866 tringas
920 1786 1271 1847 Gilbertum
1319 1785 1396 1845 de
1440 1784 1641 1857 Clare,
1686 1790 1807 1845 etc.
1902 1830 1917 1845 .
2006 1828 2021 1845 .
2106 1791 2177 1844 ut
2220 1803 2411 1862 supra
2458 1786 2543 1865 (p.
2592 1786 2717 1864 53).

798 1894 986 1953 Teste
1023 1891 1348 1973 R[adulfo]
1403 1892 1480 1951 de
1526 1891 1866 1969 Hengham
1911 1890 2076 1969 apud
2120 1891 2414 1969 Reyleye,
2466 1890 2530 1950 ix
2574 1892 2673 1950 die
2716 1891 2888 1962 Julii,
2935 1910 3115 1951 anno

639 2000 812 2077 regni
855 1998 1051 2058 nostri
1093 2007 1340 2077 quarto·

639 2228 900 2290 Similem·
937 2226 1083 2287 writ
1131 2233 1188 2287 to
1233 2226 1330 2287 the
1373 2225 1611 2305 Sheriff
1644 2226 1714 2305 of
1753 2225 2284 2287 Gloucestershire.

802 2383 936 2441 Rex
1005 2381 1373 2442 Vicecomiti
1431 2380 1823 2441 Gloucestrie
1878 2380 2174 2440 salutem.
2297 2381 2686 2460 Precipimus
2746 2382 2879 2453 tibi,
2939 2384 3113 2444 sicut

639 2487 797 2548 alias
867 2486 980 2546 tibi
1049 2486 1460 2565 precepimus,
1535 2484 1702 2564 quod
1777 2504 1904 2545 non
1972 2486 2232 2546 omittas
2302 2494 2559 2565 propter
2627 2486 2952 2547 libertates
3024 2489 3113 2549 de

636 2593 1036 2670 Thekesbyre
1080 2600 1143 2651 et
1185 2589 1554 2651 Thornbure
1594 2592 1748 2671 quin
1790 2590 2133 2670 distringas
2176 2592 2531 2652 Gilbertum
2579 2592 2657 2653 de
2700 2593 2903 2667 Clare,
2934 2600 3055 2655 etc.
3094 2614 3113 2665 ;

639 2708 704 2759 et
743 2698 911 2779 quod
953 2697 1187 2758 habeas
1228 2716 1454 2776 corpus
1495 2696 1632 2775 ejus
1676 2715 1888 2756 coram
1937 2695 2119 2757 nobis
2161 2716 2199 2757 a
2244 2696 2344 2757 die
2403 2697 2620 2757 Sancti
2665 2698 2997 2759 Michaelis
3038 2700 3117 2760 in

639 2824 718 2865 xv
759 2803 896 2864 dies
937 2802 1312 2881 ubicunque,
1357 2809 1517 2873 etc.;
1563 2800 1642 2862 ad
1685 2801 2188 2880 respondendum
2238 2801 2497 2875 Thome,
2542 2801 2862 2881 Episcopo
2908 2804 3115 2865 Here-

638 2910 930 2981 fordensi,
991 2909 1068 2969 de
1123 2909 1355 2988 placito
1411 2927 1627 2987 quare,
1675 2916 1795 2968 etc.
1903 2908 2291 2985 Precipimus
2358 2908 2559 2968 eciam
2604 2908 2719 2969 tibi
2768 2910 2934 2988 quod
2978 2929 3119 2970 non

637 3014 892 3074 omittas
953 3020 1207 3092 propter
1267 3012 1532 3073 eandem
1592 3011 1946 3072 libertatem
2010 3012 2161 3094 quin
2224 3013 2461 3074 habeas
2520 3033 2734 3073 coram
2792 3015 2973 3074 nobis
3024 3016 3119 3076 ad

638 3118 954 3200 prefatum
1051 3119 1388 3179 terminum
1465 3118 1528 3178 xl
1611 3118 1845 3179 solidos
1928 3138 2085 3197 quos
2162 3118 2297 3179 fieri
2381 3118 2585 3179 iecisti
2672 3118 2752 3179 de
2835 3120 3119 3182 exitibus

636 3226 900 3306 predicti
963 3226 1279 3305 Episcopi,
1351 3234 1538 3304 prout
1611 3225 1793 3285 nobis
1864 3224 2181 3286 mandasti
2262 3244 2301 3285 a
2363 3224 2461 3285 die
2508 3225 2725 3286 Sancti
2794 3225 3119 3287 Johannis

640 3334 927 3411 Baptiste
984 3333 1048 3391 in
1098 3352 1175 3393 xv
1217 3331 1370 3393 dies.
1477 3331 1771 3411 Alioquin
1813 3332 1891 3391 de
1938 3330 2122 3391 terris
2167 3339 2231 3391 et
2274 3330 2522 3391 catallis
2566 3332 2693 3391 tuis
2741 3331 2873 3392 fieri
2915 3331 3117 3391 iacie-

639 3458 799 3499 mus,
887 3439 973 3497 Et
1016 3437 1252 3498 habeas
1293 3438 1378 3498 ibi
1423 3437 1543 3497 hoc
1588 3436 1793 3498 breve.
1881 3437 2087 3509 Teste,
2134 3442 2254 3498 etc.

639 3668 802 3729 June
845 3671 943 3739 14,
993 3666 1464 3728 1276.—Letter
1510 3668 1580 3747 of
1615 3667 1917 3729 Humbert
1961 3667 2034 3727 de
2102 3666 2340 3737 Yanua,
2390 3665 2657 3727 Ghanter
2704 3668 2775 3747 os
2818 3667 2913 3728 the
2966 3688 3109 3728 new

886 3748 1132 3809 Ghurch
1190 3749 1262 3827 os
1317 3748 1409 3809 St.
1477 3748 1820 3820 Gatherine,
1884 3755 1951 3809 at
2012 3747 2366 3827 Aquabella,
2429 3747 2793 3827 submittinq
2857 3748 3121 3828 himself

882 3828 1305 3907 unreservedly
1363 3836 1421 3890 to
1481 3830 1578 3890 the
1633 3828 1905 3890 decision
1957 3828 2027 3908 of
2090 3828 2186 3889 the
2241 3827 2477 3907 Bishop
2532 3828 2603 3888 in
2660 3828 2757 3889 the
2811 3828 3109 3908 disputed

882 3910 1071 3971 claim
1126 3916 1184 3971 to
1241 3909 1338 3971 the
1391 3910 1658 3989 prebend
1712 3910 1783 3988 os
1842 3908 2206 3979 Inkberrow,
2276 3908 2477 3969 which
2542 3928 2668 3970 was
2740 3909 2930 3989 before
3000 3910 3111 3971 the

882 3991 1088 4069 Papal
1148 3991 1353 4052 Com-t.
1468 3990 1630 4051 June
1690 3993 1789 4061 21,
1859 3989 2388 4051 Ima—Simila?-
2452 3989 2622 4050 lette-r
2689 3990 2760 4070 of
2822 3989 3111 4052 William

880 4072 1127 4151 Ruffus,
1190 4071 1520 4151 presbyter.
1655 4071 1780 4132 The
1860 4070 2144 4151 Bishop’s
2234 4069 2506 4132 decision
2584 4070 2657 4130 in
2723 4072 2954 4150 favour
3036 4073 3119 4151 of

891 4151 1171 4212 William
1216 4152 1463 4231 RuffuS.

806 4309 1114 4371 Omnibus
1144 4308 1378 4369 Christi
1404 4307 1693 4368 fidelibus
1720 4312 2045 4387 presentes
2077 4306 2325 4366 litteras
2372 4305 2769 4384 inspecturis,
2801 4307 3107 4379 Thomas,

641 4422 785 4488 etc„
832 4415 1104 4476 salutem
1145 4414 1208 4474 in
1254 4414 1528 4475 Domino
1571 4414 2043 4492 sempiternam.
2148 4412 2427 4473 Litteras
2479 4411 2827 4474 Reverendi
2871 4413 3111 4485 Patria,

642 4520 898 4580 Domini
981 4519 1251 4592 Girardi,
1339 4519 1458 4581 Dei
1539 4521 1752 4598 gracia
1832 4517 2129 4597 Episcopi
2212 4516 2647 4589 virdunensis,
2721 4522 2785 4578 et
2866 4517 3114 4581 domini

641 4623 982 4685 Humberti
1037 4622 1115 4683 de
1169 4624 1412 4697 Yanua,
1464 4624 1811 4704 presbiteri,
1870 4621 2130 4684 ecclesie
2193 4641 2352 4682 nove
2408 4622 2609 4683 Beate
2666 4622 2967 4684 Katerine
3026 4625 3113 4688 de

643 4731 825 4811 Aqua
878 4729 1084 4791 Bella¹
1131 4730 1440 4804 cantoris,
1494 4730 1714 4810 sigillis
1774 4728 2054 4789 munitas
2105 4733 2167 4788 et
2214 4746 2290 4787 ex
2336 4733 2514 4806 parte
2572 4727 2722 4788 dicti
2765 4728 3115 4793 Humberti

789 4864 974 4905 l—This
1003 4864 1255 4913 collemate
1280 4866 1468 4907 Church
1491 4876 1596 4907 was
1628 4863 1835 4906 founded
1870 4864 1929 4910 by
1966 4862 2143 4910 Bishop
2180 4864 2320 4903 Peter
2344 4861 2402 4903 de
2422 4862 2725 4909 Aquablanca
2752 4862 2826 4905 for
2850 4875 2879 4905 a
2908 4865 3121 4910 Provoet

637 4915 732 4957 and
756 4915 926 4958 twelve
954 4916 1282 4962 prebendas-ies
1307 4925 1368 4957 on
1393 4916 1476 4956 the
1502 4915 1653 4956 model
1679 4913 1730 4957 of
1759 4912 1991 4955 Hereford
2018 4912 2300 4957 Cathedral:
2337 4924 2382 4953 v.
2413 4912 2755 4955 Introduction.
