3459 5617
1138 485 1439 566 Episcopi
1493 487 1974 567 Heresordensis.
2667 492 2786 552 257

330 706 569 787 Magna
610 709 818 770 Coura
874 710 1124 770 racione
1166 710 1571 771 visitacionis
1626 713 1820 790 petite
1879 731 2066 791 quam
2125 711 2388 774 fecimus
2434 713 2499 773 in
2542 714 2784 787 eadem,

326 815 393 874 in
450 821 806 894 respectum
859 831 1236 894 poneremus
1306 816 1385 876 ad
1456 825 1724 895 tempus.
1837 817 1971 878 Nos
2039 818 2230 898 igitur
2300 819 2486 880 dictis
2554 820 2787 880 Abbati

326 925 391 981 et
448 920 797 981 Conventui
852 922 1129 1000 graciam
1191 921 1396 982 facere
1453 923 1798 1001 cupienteS,
1865 923 2262 984 exaccionem
2325 925 2789 1004 procuracionis

328 1025 591 1087 ecclesie
670 1027 1026 1104 supradicte
1105 1027 1353 1087 racione
1428 1027 1832 1090 Visitacionis
1905 1028 2098 1106 petite
2177 1049 2216 1089 a
2299 1029 2487 1090 Festo
2572 1031 2788 1092 Sancti

336 1130 688 1202 Michaelis,
734 1151 901 1192 anno
956 1131 1215 1192 Domini
1270 1133 1651 1212 supradictO,
1703 1153 1903 1214 usque
1957 1134 2040 1194 ad
2097 1153 2334 1195 annum
2383 1136 2566 1214 plene
2623 1156 2788 1196 com-

326 1237 590 1317 pletum,
646 1239 746 1298 vel
806 1237 1069 1309 diucius,
1129 1239 1474 1299 secundum
1537 1240 1701 1320 quod
1767 1239 2003 1300 eisdem
2064 1259 2176 1319 per
2239 1241 2481 1303 litteras
2540 1248 2788 1304 nostras

330 1343 577 1424 plenius
620 1349 909 1405 constare
950 1344 1275 1417 faciemus,
1320 1350 1384 1406 et
1426 1346 1622 1417 vobis,
1673 1347 1968 1425 ponimus
2018 1346 2082 1406 in
2133 1355 2488 1426 respectum
2509 1367 2524 1420 3
2576 1348 2791 1409 omnia

328 1455 653 1530 sequestra
700 1449 1092 1528 interposita,
1146 1461 1210 1511 et
1264 1450 1656 1512 omnimodas
1706 1451 2084 1524 sentencias,
2129 1452 2182 1512 si
2223 1471 2344 1532 que
2386 1453 2515 1514 late
2555 1453 2789 1514 fuerint

326 1555 578 1616 racione
631 1555 1095 1635 procuracionis
1150 1556 1449 1636 predicte,
1513 1558 1910 1636 presentibus
1972 1559 2349 1630 relaxanteS,
2412 1559 2590 1620 salvo
2652 1560 2790 1638 jure

323 1662 840 1743 uniuscujusque,
911 1668 1216 1743 quantum
1288 1664 1371 1724 ad
1438 1669 1584 1724 acta
1650 1668 1714 1725 et
1784 1665 1983 1725 eciam
2054 1666 2462 1728 munimenta.
2583 1667 2788 1741 Quam

328 1768 581 1847 quidem
632 1769 909 1847 graciam
957 1775 1257 1840 nostram,
1303 1778 1612 1849 quantum
1656 1770 1738 1830 ad
1781 1771 2238 1832 relaxacionem
2288 1780 2352 1832 et
2401 1774 2614 1833 omnia
2664 1773 2790 1834 alia

330 1874 711 1954 supradicta,
789 1894 900 1953 per
971 1894 1081 1936 vos
1162 1876 1522 1937 execucioni
1598 1877 1889 1938 volumus
1965 1878 2350 1940 demandari.
2483 1880 2786 1943 Valeatis.

330 1979 572 2041 Datum
615 1981 680 2040 in
729 1979 1007 2041 Abbacia
1046 1981 1125 2041 de
1170 1982 1359 2060 Lyra,
1406 1982 1529 2060 xvij
1577 1983 1900 2044 Kalendas
1954 1983 2263 2056 Octobris,
2317 2005 2484 2046 anno
2532 1985 2790 2046 Domini

324 2086 703 2164 supradicto.

332 2318 796 2380 Memorandum
846 2317 1001 2410 ‘that
1060 2318 1158 2408 tlte
1227 2317 1421 2378 Abbot
1474 2318 1601 2378 and
1674 2320 1946 2381 Convent
2000 2318 2071 2397 of
2121 2319 2472 2380 Gloucestcr
2525 2318 2792 2398 objected

576 2406 635 2460 to
703 2399 925 2478 officzal
984 2406 1200 2491 actwn.
1251 2418 1329 2490 cn
1393 2399 1490 2458 the
1551 2405 1707 2492 part·
1764 2400 1835 2478 of
1894 2399 2122 2493 Rooert
2183 2401 2253 2494 ⁰s.
2318 2400 2667 2461 Gloucester
2719 2421 2792 2462 as

571 2479 887 2638 {3:253ss
922 2479 2612 2652 2{25;35<{²“1}533s2-²352;²²515220d22;21{332222‘2‘203532‘2'2322
2644 2487 2788 2641 ,0525

562 2647 903 2802 Ξτὲζὲἰιῖἔε,
960 2641 1265 2702 whatever
1311 2640 1554 2719 qeneral
1606 2648 1981 2702 tmmumtws
2041 2641 2178 2719 they
2231 2661 2374 2720 may
2418 2642 2484 2702 be
2539 2643 2673 2703 able
2731 2649 2792 2704 to

489 2879 972 2940 Menona-imm
1018 2895 1266 2939 eoi-imm
1308 2895 1459 2938 mss
1502 2895 1795 2938 summos
1837 2894 2087 2938 coi-triu
2121 2877 2788 2939 Asamum—Memo-

324 2985 561 3047 andum
603 2985 790 3064 quod,
838 2984 918 3044 ad
970 2984 1348 3063 peticionem
1393 2983 1631 3043 domini
1704 3029 1716 3044 .
1796 3030 1810 3042 .
1885 3029 1898 3043 .
1973 2982 2233 3044 Abbatis
2289 2983 2682 3044 Gloucestrie
2725 2993 2790 3045 et

325 3091 610 3170 ejusdem
674 3091 799 3152 loci
867 3091 1248 3161 Conventus,
1311 3109 1498 3169 quam
1571 3095 1867 3149 oretenus
1936 3090 2286 3167 recepimus
2353 3108 2464 3168 per
2531 3089 2788 3150 fratrem

322 3196 703 3258 Nioholaum
753 3196 832 3257 de
886 3196 1231 3256 Lanrothal
1285 3202 1348 3255 et
1399 3195 1769 3273 magistrum
1821 3194 2208 3254 Willelmum
2258 3193 2334 3255 de
2384 3194 2672 3274 Alesleye
2719 3196 2786 3255 in

319 3303 579 3366 Octabis
644 3302 1017 3363 Nativitatis
1079 3302 1281 3362 Beate
1345 3300 1640 3380 Virginis,
1704 3319 1873 3360 anno
1944 3300 2200 3360 Domini
2263 3300 2784 3374 M⁰CC⁰LXXX⁰,

322 3409 494 3472 velut
536 3409 822 3487 superius
863 3407 1256 3479 continetur;
1310 3413 1393 3478 et,
1443 3406 1586 3467 licet
1641 3411 1928 3484 peterent
1973 3425 2048 3466 ea
2095 3405 2228 3466 vice
2277 3405 2444 3485 quod
2487 3407 2788 3484 magister

327 3515 642 3576 Bobertus
724 3515 803 3574 de
872 3514 1271 3575 Gloucestria
1340 3518 1646 3592 tanquam
1726 3518 2058 3591 suspectus
2137 3519 2616 3585 ammoveretur,
2688 3514 2786 3576 vel

327 3621 554 3682 saltem
608 3619 776 3700 quod
822 3639 951 3680 non
994 3623 1324 3697 suspectus
1366 3617 1424 3677 ei
1464 3617 1929 3696 adjungeretur,
1974 3622 2282 3697 quantum
2335 3617 2415 3678 ad
2460 3617 2787 3697 negocium

321 3727 786 3808 procuracionis
835 3725 1033 3806 petite
1082 3744 1275 3786 causa
1323 3724 1728 3786 Visitacionis
1777 3723 2013 3784 dudum
2069 3723 2234 3785 facte
2281 3725 2345 3784 in
2391 3724 2656 3785 ecclesia
2706 3725 2784 3786 de

324 3832 562 3912 Magna
606 3832 849 3903 Goura;
911 3831 1001 3892 eis
1044 3830 1333 3891 dedimus
1375 3830 1441 3889 in
1484 3829 1802 3908 responsis
1845 3829 2010 3908 quod
2054 3829 2210 3888 illud
2252 3829 2456 3891 facere
2499 3848 2614 3890 nos
2655 3850 2784 3890 non

324 3939 558 4010 decuit,
624 3939 745 3999 nisi
806 3943 1041 3999 certam
1109 3955 1364 3998 causam
1431 3935 1804 4015 suspicionis
1867 3941 1931 3997 et
1993 3935 2337 4014 legitimam
2402 3936 2781 4014 allegarent;

328 4045 495 4126 quod
540 4053 755 4106 tamen
788 4052 941 4105 tunc
974 4043 1180 4104 facere
1222 4041 1615 4115 recusabant.
1715 4042 1804 4101 Et
1845 4041 2208 4102 memoriter
2245 4040 2555 4101 habeatur
2596 4043 2782 4121 quod,

326 4151 457 4211 sive
500 4169 612 4229 per
661 4149 986 4209 dominum
1036 4149 1165 4208 sive
1214 4167 1325 4226 per
1375 4166 1523 4208 suos
1573 4146 1950 4208 substitutos
2001 4146 2324 4225 negocium
2380 4146 2606 4208 debeat
2664 4152 2786 4207 ter-

324 4256 572 4327 minari,
632 4254 973 4334 prospiciat
1030 4252 1147 4314 sibi
1207 4252 1399 4331 judex
1458 4252 1645 4332 quod,
1712 4252 1765 4312 si
1827 4251 1892 4311 in
1956 4271 2181 4330 genere
2241 4252 2354 4312 fiat
2414 4253 2645 4331 peticio
2707 4253 2788 4313 de

329 4359 731 4421 adnullandis
760 4357 1052 4418 omnibus
1084 4355 1634 4436 procuracionibus
1668 4356 2053 4434 singularum
2090 4355 2495 4416 ecclesiarum
2526 4356 2788 4418 Abbatis

328 4463 404 4524 de
449 4461 847 4524 Gloucestria
888 4468 1143 4540 propter
1184 4467 1465 4521 tenorem
1516 4461 2079 4521 instrumentorum
2132 4459 2434 4540 ejusdem,
2487 4463 2782 4540 respond-

326 4576 508 4631 eatur
563 4567 731 4647 quod
786 4566 898 4627 illa
945 4567 1367 4626 instrumenta
1414 4585 1539 4626 non
1593 4564 1822 4626 debent
1872 4565 2110 4638 obesse,
2161 4585 2303 4626 cum
2353 4567 2636 4646 predicta
2692 4568 2784 4628 in-

332 4683 687 4737 strumenta
770 4673 1101 4734 absolvant
1176 4670 1485 4732 Abbatem
1562 4691 1601 4732 a
1678 4672 2072 4750 prestacione
2149 4673 2632 4750 procuracionis,
2713 4680 2785 4735 ut

332 4782 599 4852 videtur,
659 4785 755 4840 set
811 4798 937 4839 non
994 4798 1033 4839 a
1093 4777 1479 4840 Visitacione
1535 4797 1725 4859 quam
1789 4778 1946 4839 bene
2006 4777 2313 4858 permittit
2377 4784 2440 4838 et
2501 4779 2786 4858 permisit

330 4888 539 4949 dictus
604 4885 851 4960 Abbas3
923 4891 988 4946 et
1044 4903 1120 4944 ex
1190 4883 1598 4962 consequenti
1652 4882 2018 4962 permittere
2072 4882 2258 4943 debet
2325 4883 2783 4962 prestacionem
