3459 5617
589 514 669 573 54
1232 512 1587 591 Reqistrwm
1644 512 1864 572 Thmne
1918 512 1991 572 de
2064 508 2395 590 Cantilupo

595 736 811 807 fordie,
843 756 955 816 per
983 755 1201 796 omnes
1231 742 1431 796 terras
1457 741 1520 796 et
1547 736 1781 795 catalla
1810 754 1925 795 sua
1951 736 2019 794 in
2045 733 2275 795 balliva
2298 742 2427 806 tua,
2454 734 2546 794 ita
2567 733 2735 814 quod
2757 752 2873 793 nec
2890 732 3047 811 ipse.

593 861 710 902 nec
762 842 987 923 aliquis
1042 861 1152 921 per
1201 841 1408 920 ipsum
1459 860 1716 902 manum
1766 848 2043 920 apponat
2090 840 2289 901 donec
2346 840 2517 900 aliud
2573 859 2613 900 a
2668 838 2848 899 nobis
2902 837 3053 898 inde

591 948 888 1009 habueris
905 954 1286 1027 preceptum.
1373 948 1460 1008 Et
1482 948 1649 1027 quod
1671 948 1748 1007 de
1771 948 2042 1007 exitibus
2064 945 2423 1007 eorumdem
2448 945 2627 1006 nobis
2648 944 3052 1023 respondeas,

594 1055 684 1115 Et
739 1054 907 1135 quod
964 1053 1200 1114 habeas
1253 1072 1480 1133 corpus
1534 1054 1672 1130 ejus
1726 1072 1939 1112 coram
1994 1052 2175 1112 nobis
2232 1071 2269 1111 a
2322 1049 2423 1112 die
2474 1049 2690 1111 Sancti
2736 1047 3057 1110 Johannis

593 1161 883 1239 Baptiste
922 1160 990 1219 in
1033 1178 1112 1219 xv
1154 1159 1306 1227 dies,
1336 1158 1691 1238 ubicunque
1735 1166 1884 1218 tunc
1928 1157 2229 1218 fuerimus
2269 1157 2335 1217 in
2368 1157 2608 1235 Anglia,
2640 1156 2720 1217 ad
2750 1153 3054 1234 respond-

595 1268 828 1327 endum
871 1267 1130 1337 Thome,
1164 1265 1480 1344 Episcopo
1510 1264 1977 1335 Herefordensi,
2008 1264 2086 1323 de
2114 1264 2346 1342 placito
2374 1282 2587 1343 quare,
2618 1267 2734 1323 etc.
2826 1306 2838 1321 .
2928 1306 2944 1320 .
3036 1306 3050 1321 .

593 1392 932 1452 gravamen
978 1374 1058 1453 (υ.
1088 1392 1149 1451 p.
1183 1371 1307 1449 23).
1401 1372 1487 1431 Et
1528 1370 1610 1431 ad
1652 1370 2035 1431 audiendum
2074 1369 2378 1448 judicium
2421 1388 2607 1430 suum
2649 1369 2727 1429 de
2768 1366 3057 1447 pluribus

594 1478 864 1539 defaltis,
978 1478 1064 1538 Et
1110 1476 1344 1537 habeas
1387 1476 1472 1537 ibi
1514 1476 1634 1536 hoc
1675 1475 1880 1536 breve.
1993 1476 2180 1535 Teste
2232 1474 2329 1536 W.
2380 1474 2457 1535 de
2506 1475 2826 1554 Hoptone‚
2888 1470 3059 1553 apud

595 1582 1246 1653 westmonasterium,
1290 1582 1374 1660 xij
1420 1580 1520 1642 die
1562 1580 1757 1652 Junii,
1804 1600 1971 1641 anno
2014 1582 2187 1659 regni
2228 1579 2428 1640 nostri
2470 1584 2709 1659 quarto,

597 1913 722 1973 The
785 1913 946 1972 Earl
1007 1932 1262 1991 appears
1327 1912 1397 1970 in
1463 1911 1650 1971 Court
1704 1918 1772 1971 at
1841 1910 2257 1971 VVestminster
2324 1909 2451 1969 and
2510 1929 2703 1989 prays
2773 1908 2923 1970 view
2994 1910 3069 1989 of

841 1994 938 2054 thc
982 1993 1158 2053 lands
1199 1992 1392 2052 where
1436 1992 1506 2052 he
1546 1991 1761 2052 claims
1808 1991 1905 2051 the
1944 1990 2110 2069 riqht
2154 1998 2211 2051 to
2256 1990 2426 2051 hunt.

758 2148 1003 2209 Placita
1049 2167 1263 2208 coram
1313 2147 1480 2225 Rege
1529 2166 1569 2207 a
1611 2146 1712 2207 die
1758 2147 1973 2207 Sancti
2017 2146 2349 2207 Michaelis
2392 2146 2457 2205 in
2501 2145 2855 2225 quindecim
2898 2144 3057 2218 dieS,

593 2256 766 2334 apud
811 2255 1462 2324 westmonasterium,
1508 2272 1676 2313 anno
1718 2258 1966 2332 quarto,
2093 2252 2415 2313 Gilbertus
2457 2252 2536 2312 de
2581 2251 2783 2321 Clare,
2829 2250 3061 2313 Comes

594 2361 984 2423 Gloucestrie
1013 2367 1075 2421 et
1106 2359 1488 2430 Hertiordie,
1519 2359 1585 2419 in
1614 2359 2041 2420 misericordia
2067 2378 2181 2438 pro
2219 2358 2505 2438 plurimis
2547 2356 2797 2419 defaltis
2838 2376 3061 2418 versus

588 2467 919 2539 Thomam,
971 2466 1356 2543 Episcopum
1403 2463 1951 2525 Herefordensem.

757 2624 924 2684 Item
955 2623 1277 2684 Gilbertus
1308 2622 1699 2682 attachiatus
1727 2621 1845 2681 fuit
1875 2621 1953 2681 ad
1976 2619 2477 2699 respondendum
2507 2618 2711 2678 eidem
2740 2617 3063 2696 Episcopo

592 2730 671 2791 de
733 2729 988 2808 placito,
1049 2747 1260 2809 quare,
1323 2733 1439 2787 etc.
1562 2726 1752 2789 Unde
1808 2726 2088 2807 queritur
2141 2724 2327 2805 quod,
2387 2743 2531 2784 cum
2585 2723 3064 2803 predecessores

595 2834 713 2906 sui,
768 2834 1004 2896 scilicet
1054 2833 1310 2915 quidam
1367 2832 1743 2912 Badulphus
1793 2833 1871 2892 de
1928 2831 2388 2902 Maidenestan,
2446 2829 2801 2908 Episcopus
2858 2827 3061 2889 Here·

593 2940 924 3012 fordensis,
983 2945 1044 3000 et
1089 2940 1317 2999 Petrus
1358 2940 1435 2999 de
1480 2939 1661 3019 Aqua
1701 2938 1965 3010 Blanca,
2024 2956 2347 2997 successor
2402 2935 2559 3014 eiua,
2609 2934 2893 3014 ejusdem
2937 2932 3062 2994 loci

593 3047 967 3126 Episcopus,
1043 3048 1295 3106 fuerunt
1366 3046 1431 3105 in
1504 3046 1755 3117 saisina,
1830 3045 2081 3106 racione
2150 3050 2213 3104 et
2282 3043 2419 3122 jure
2487 3041 2770 3103 Ecclesie
2842 3040 3063 3101 Sancti

594 3152 972 3213 Ethelberti¹
1023 3150 1393 3213 Herefordie
1451 3151 1528 3211 de
1583 3150 1865 3229 predicta
1922 3148 2158 3211 Chacia
2206 3154 2487 3226 tempore
2532 3146 2722 3225 Regis
2773 3144 3059 3216 Henrici,

595 3258 794 3338 patris
853 3256 1110 3318 Domini
1165 3256 1351 3335 Regis
1411 3276 1598 3328 nunc,
1658 3255 1961 3335 capiendo
2016 3255 2079 3313 in
2135 3252 2359 3314 eadem
2409 3251 2644 3314 Chacia
2692 3270 2945 3311 cervum
2995 3256 3063 3311 et

595 3381 864 3435 cervam,
924 3362 1180 3422 damum
1233 3369 1295 3421 et
1353 3361 1626 3431 damam,
1684 3360 2111 3431 cheverillum,
2170 3357 2593 3437 murilegum,²
2640 3356 2935 3435 leporem,
2998 3360 3065 3415 et

594 3488 814 3530 omnes
848 3468 1004 3529 alias
1046 3468 1212 3528 feras
1255 3487 1374 3548 que
1418 3466 1498 3527 ad
1541 3466 1801 3527 liberam
1845 3466 2143 3528 Chaciam
2185 3465 2537 3544 pertinent;
2583 3470 2795 3541 etque
2826 3461 3067 3523 Ghacia

591 3580 690 3637 est
760 3572 1288 3653 propriumsolum
1359 3571 1556 3651 ipsius
1634 3572 1952 3651 Episcopi,
2024 3570 2273 3631 racione
2349 3569 2506 3648 juris
2583 3567 2869 3629 Ecclesie
2944 3584 3063 3627 sue

595 3682 892 3764 predicte,
937 3689 1002 3741 et
1045 3680 1372 3740 hominum
1416 3699 1692 3751 suorum,
1738 3680 1802 3739 in
1858 3698 2123 3759 quorum
2180 3680 2313 3738 solo
2370 3683 2433 3738 et
2484 3676 2688 3737 boscis
2738 3674 3063 3754 predictus

595 3786 949 3866 Episcopus
977 3785 1323 3865 predictam
1357 3786 1655 3847 Chaciam
1696 3784 1927 3846 habere
1970 3784 2176 3853 debet.
2224 3783 2458 3843 scilicet
2500 3782 2565 3843 in
2612 3782 2747 3842 solo
2794 3780 3063 3841 Walteri

597 3893 676 3953 de
734 3891 1162 3962 Chavenham‚
1225 3891 1490 3951 Walteri
1543 3890 1655 3950 filii
1711 3890 2012 3950 Richardi
2067 3890 2144 3949 de
2219 3887 2625 3957 Middletone,
2686 3886 2927 3946 Thome
2980 3884 3069 3948 de

600 3998 958 4070 Goldhulle,
1020 3998 1322 4059 Willelmi
1371 3998 1588 4075 Osgot,
1640 3997 1899 4057 Roberti
1947 3995 2025 4057 de
2082 3994 2359 4066 Madine,
2417 3993 2747 4053 hominum
2794 3991 3071 4071 predicti

597 4103 916 4183 Episcopi.
1033 4104 1122 4164 Et
1180 4104 1270 4163 sic
1325 4103 1618 4181 injuriam
1676 4076 2097 4181 predecessori
2154 4100 2419 4181 predicti
2476 4098 2777 4179 Episcopi
2825 4105 2888 4158 et
2938 4098 3069 4159 Ec·

595 4210 786 4271 clesie
850 4228 960 4271 sue
1032 4208 1312 4288 predicte
1375 4209 1607 4269 factam
1671 4208 2060 4268 continuavit
2120 4226 2320 4286 usque
2382 4224 2570 4266 nunc.
2687 4204 2775 4265 Et
2836 4203 3072 4265 Comes

596 4317 770 4377 venit
817 4320 880 4375 et
925 4316 1086 4394 petit
1138 4313 1344 4375 visum
1392 4315 1470 4375 de
1525 4320 1887 4375 tenemento
1928 4314 2096 4375 unde
2140 4311 2299 4391 petit
2350 4309 2671 4372 Chaciam.
2786 4308 3067 4371 Habeat.

599 4420 751 4482 Dies
798 4420 984 4481 datus
1033 4426 1129 4481 est
1174 4422 1264 4482 eis
1309 4441 1348 4481 a
1401 4422 1503 4481 die
1548 4421 1765 4482 Sancti
1816 4420 2077 4480 Martini
2190 4420 2255 4479 in
2299 4416 2654 4497 quindecim
2699 4415 2853 4477 dies.
2970 4414 3071 4476 Et

598 4528 852 4587 interim
895 4538 1015 4587 etc.

825 4961 952 5001 l—In
979 4962 1080 5002 MS.
1108 4958 1396 5001 Athelberti.
1487 4940 1497 4949 ’
1826 4954 2217 5003 marileffum,
2246 4957 2637 5001 meuse-catcher.
2664 4966 2719 4997 or
2744 4957 2839 4995 cat.
