3459 5617
661 474 744 535 40
1327 475 1682 553 Reqistmm
1740 476 1959 535 Thome
2014 475 2086 535 de
2145 476 2475 555 Gantzlupo

673 698 864 759 libere
893 700 1218 779 permittat
1249 700 1439 772 abire,
1465 720 1628 772 cum,
1649 700 1969 779 capcionis
1999 707 2062 760 et
2091 700 2357 761 carceris
2380 720 2571 762 causa
2590 710 2896 776 cessant-e,
2928 702 3131 762 laxari

676 803 949 865 debeant
978 806 1228 866 vincula
1256 806 1577 867 carcerati.
1665 806 2082 885 Omnipotens
2111 826 2222 868 vos
2257 814 2605 869 conservet.
2689 791 2929 868 Datum
2960 808 3131 888 apud

667 910 1066 991 Bekyntone‚
1097 914 1300 992 primo
1344 913 1443 973 die
1487 912 1874 985 Decembris,
1920 933 2085 974 anno
2129 913 2384 973 Domini
2427 914 3005 975 M⁰GC⁰LXX⁰IX⁰.

667 1257 812 1318 Feb.
857 1262 954 1326 23,
999 1258 1454 1318 lma—Tities
1511 1259 1582 1337 of
1629 1257 1863 1333 smzdry
1925 1257 2231 1327 Charta-3,
2291 1256 2490 1317 letters
2545 1257 2615 1335 of
2663 1263 2959 1333 actm-negt,
3003 1256 3129 1315 and

913 1339 1258 1399 docunaents
1310 1340 1379 1417 of
1416 1360 1456 1398 a
1508 1338 1753 1398 laves-uit
1797 1340 1867 1416 of
1900 1338 2137 1417 Bishop
2181 1338 2363 1408 John,
2406 1338 2497 1397 all
2534 1337 2800 1415 relatinq
2846 1344 2903 1397 to
2948 1337 3126 1397 lamis

909 1428 976 1479 at
1031 1419 1306 1498 Cloppele
1349 1419 1474 1478 and
1523 1418 1733 1487 Asshe,
1778 1419 1903 1477 and
1952 1438 2083 1477 now
2130 1418 2441 1497 deposited
2488 1418 2559 1477 in
2599 1439 2639 1477 a
2688 1418 2850 1478 chest
2905 1418 2977 1477 in
3032 1416 3131 1477 the

915 1500 1182 1579 Chapter
1223 1500 1430 1559 House
1472 1509 1667 1559 under
1711 1500 1807 1559 the
1850 1498 2135 1577 Bishop’s
2177 1499 2320 1559 sea-l.

827 1682 980 1742 Ism
1054 1681 1272 1742 cmm
1345 1680 2085 1741 Hnnnronnm.—Carta
2154 1680 2193 1740 J
2216 1680 2531 1758 [ohannis]
2555 1726 2569 1751 ‚
2642 1678 3129 1739 Hereiordensis

675 1788 994 1867 Episcopi,
1039 1788 1117 1847 de
1162 1795 1328 1848 terra
1369 1796 1434 1847 et
1477 1788 1720 1847 redditu
1772 1788 1943 1847 datis
1998 1787 2251 1847 domino
2293 1786 2484 1846 Petro
2511 1787 2589 1847 de
2630 1785 3021 1863 Bromptone
3064 1791 3127 1844 et

668 1893 911 1972 Bogero
954 1894 1030 1953 de
1075 1893 1498 1972 Hyntlesham
1542 1912 1685 1953 cum
1729 1894 2069 1971 mesuagio.

829 2013 1022 2074 Carta
1050 2013 1316 2073 Walteri
1360 2013 1436 2073 de
1476 2012 1536 2072 la.
1570 2013 1751 2073 Dene
1784 2012 1861 2071 de
1898 2031 2023 2072 une.
2052 2012 2274 2071 forera¹
2305 2012 2372 2070 in
2407 2030 2631 2089 campo
2664 2010 2743 2070 de
2784 2010 3124 2088 Suyndone

661 2138 806 2178 oum
849 2119 1255 2197 pertinenciis
1298 2119 1450 2178 data.
1492 2119 1776 2179 Ecclesie
1820 2118 2287 2178 Herefordensi.

827 2236 1021 2297 Carta.
1064 2237 1280 2297 Ivonis
1323 2237 1400 2297 de
1444 2236 1825 2297 Chikewalle
1868 2242 1931 2296 et
1975 2236 2169 2295 Lucie
2213 2236 2421 2295 uxoris
2464 2254 2574 2295 sue
2607 2234 2683 2294 de
2717 2233 3028 2295 fructibus
3062 2242 3124 2293 et

667 2342 940 2403 exitibus
988 2342 1053 2401 in
1097 2350 1265 2402 terra
1310 2342 1573 2402 Hem-ici
1622 2342 1698 2401 de
1750 2342 2127 2420 Bokynham
2177 2354 2239 2400 et
2286 2340 2551 2399 Walteri
2596 2340 2674 2400 de
2720 2339 3120 2417 Haverberge

659 2448 828 2528 apud
875 2448 1422 2527 Sevenhamptone
1443 2467 1458 2519 ;
1517 2448 1660 2507 finis
1709 2447 1955 2509 levatus
2010 2446 2074 2505 in
2133 2446 2323 2507 Curia
2377 2445 2634 2505 Domini
2690 2444 2881 2524 Regis
2939 2462 3125 2522 super

659 2573 756 2625 60,
815 2573 956 2614 cum
1015 2554 1391 2634 quibusdam
1448 2553 1607 2615 aliis.

822 2674 1011 2735 Carta.
1063 2672 1195 2733 Ade
1247 2674 1325 2733 de
1381 2672 1688 2749 Moubray
1734 2674 1811 2732 de
1854 2673 1938 2750 xij
1984 2672 2258 2733 denariis
2302 2672 2496 2731 annui
2537 2671 2823 2731 redditus
2866 2670 2933 2729 in
2974 2670 3123 2731 villa.

663 2780 743 2841 de
786 2779 1163 2856 Prestebury
1206 2779 1487 2859 predicto
1528 2779 1566 2839 J
1590 2778 1873 2857 [ohanni]
1920 2778 2237 2856 Episcopo
2280 2776 2612 2837 concessis.

822 2896 1012 2957 Carta.
1055 2896 1338 2966 Hem-ici,
1382 2895 1495 2955 filii
1543 2895 1801 2955 Roberti
1852 2896 1929 2954 de
1984 2894 2341 2972 Shipstone‚
2387 2894 2464 2955 de
2506 2900 2673 2953 terra
2715 2912 3016 2954 concessa
3059 2893 3121 2952 in

664 2999 1063 3081 Gloppeleye²
1101 3001 1399 3072 Johanni,
1442 3000 1572 3059 filio
1614 2996 1925 3061 ,Iohannis
1969 3000 2047 3059 de
2090 2999 2463 3060 Notteclive.

821 3117 1014 3179 Carta
1071 3119 1284 3179 Ivonis
1340 3118 1416 3177 de
1480 3118 1881 3195 Chykewalle
1934 3127 1997 3178 et
2048 3118 2260 3177 uxoris
2317 3136 2428 3178 sue
2484 3117 2562 3178 de
2609 3126 2776 3177 terra
2818 3137 3119 3178 concessa

656 3223 941 3305 predicto
1010 3224 1326 3303 Episcopo
1387 3225 1425 3285 J
1449 3224 1733 3302 [ohanni]
1757 3270 1770 3295 ‚
1832 3244 2021 3305 quam
2090 3224 2428 3295 Hem-ioue,
2493 3223 2661 3284 filius
2724 3224 2985 3285 Boberti
3043 3224 3118 3286 de

661 3328 1009 3409 Shyptone,
1069 3329 1240 3390 dedit
1287 3330 1587 3402 Johanni,
1638 3330 1768 3390 filio
1817 3330 2128 3391 Johannis
2178 3330 2255 3389 de
2306 3328 2683 3391 Notteclive.

823 3450 1014 3511 Carta.
1059 3449 1357 3510 Willelmi
1415 3450 1492 3510 de
1551 3449 1847 3529 Cloppele
1903 3450 1981 3510 de
2031 3455 2199 3510 terra
2248 3450 2313 3509 in
2364 3450 2587 3510 eadem
2635 3467 2935 3511 concessa.
2981 3470 3115 3529 pre·

653 3556 823 3617 dioto
867 3556 1182 3635 Episcopo
1224 3556 1262 3616 J
1276 3555 1556 3637 [ohanni]
1581 3602 1594 3615 .

824 3676 1017 3736 Carta
1045 3676 1364 3747 Willelmi,
1396 3676 1507 3735 filii
1541 3676 1853 3737 Johannis
1891 3677 1969 3736 de
2004 3676 2379 3747 Notteclive‚
2411 3676 2489 3737 de
2527 3680 2909 3747 tenemento,
2950 3676 3114 3756 quod

657 3786 842 3861 peter
885 3781 1021 3858 ejus
1064 3787 1302 3842 emerat
1343 3781 1420 3843 de
1463 3782 1743 3841 Hem-ico
1777 3782 1854 3842 de
1888 3781 2305 3861 Bokyngham
2340 3783 2403 3842 in
2444 3783 2742 3862 parochia.
2775 3784 2853 3844 de
2890 3784 3115 3845 Seven-

657 3888 1024 3967 hamptone,
1072 3906 1367 3948 concesso
1409 3887 1689 3966 predicto
1734 3887 2047 3966 Episcopo
2088 3888 2128 3948 J
2150 3887 2470 3966 [ohanni].

819 4006 1227 4085 Cyrografnm
1286 4004 1449 4065 inter
1509 4005 1895 4065 Willelmum
1952 4005 2029 4065 de
2090 4006 2444 4066 Notteclive
2505 4011 2571 4066 et
2619 4004 2979 4068 Johannem
3038 4005 3117 4066 de

655 4109 1166 4189 Wynchecombe
1209 4109 1286 4171 de
1329 4114 1496 4169 terra
1537 4109 1602 4169 in
1645 4110 1885 4188 eampis
1927 4110 2004 4170 de
2047 4109 2442 4188 Cloppeleye.

817 4227 1008 4290 Carta.
1066 4228 1341 4299 Roberti‚
1387 4228 1498 4287 filii
1555 4228 1803 4289 Andree
1858 4228 1935 4289 de
1991 4228 2430 4307 Dychesdone,
2475 4229 2553 4290 de
2602 4234 2773 4291 terra
2817 4250 3118 4293 concesse.

658 4333 978 4395 Willelmo
1021 4334 1098 4394 de
1141 4333 1497 4395 Notteclive
1539 4335 1604 4393 in
1648 4334 1798 4394 villa
1839 4333 1917 4393 de
1961 4334 2355 4414 Cloppeleye.

821 4450 1014 4513 Carta
1057 4452 1270 4511 Ivonis
1311 4450 1389 4512 de
1433 4451 1729 4531 Cloppele
1772 4456 1835 4511 et
1876 4452 2085 4512 uxoris
2128 4471 2239 4512 sue
2290 4451 2367 4512 de
2416 4458 2583 4513 terra.
2632 4471 2932 4515 concessa.
2978 4474 3117 4534 pre-

661 4556 833 4618 dicto
875 4557 1192 4636 Episcopo
1239 4558 1272 4617 J
1293 4556 1573 4639 [ohanni]
1597 4604 1610 4627 ‚
1655 4577 1843 4637 quam
1892 4558 2227 4631 Hem-icus,
2271 4558 2439 4618 filius
2494 4558 2754 4619 Roberti
2794 4560 2873 4620 de
2917 4560 3118 4642 Shyp-

657 4670 828 4735 tone,
874 4662 1048 4724 dedit
1089 4663 1388 4735 Johanni,
1433 4664 1562 4724 filio
1602 4664 1933 4725 Johannis·
1960 4665 2037 4725 de
2080 4664 2457 4725 Notteclive.

778 4786 1047 4831 l—Forera.
1075 4785 1308 4828 headland
1337 4786 1602 4834 stretehing
1628 4788 1954 4835 transversan-
1979 4791 2031 4829 to
2058 4789 2139 4829 the
2166 4786 2385 4830 furrows.

771 4848 962 4889 2—‘rhis
997 4848 1038 4889 is
1072 4848 1264 4889 entered
1301 4848 1348 4889 in
1383 4850 1466 4890 the
1501 4848 1582 4891 list
1609 4848 1659 4890 of
1684 4850 1768 4891 the
1793 4849 2029 4897 episcopal
2058 4862 2251 4892 mauors
2278 4850 2325 4891 in
2351 4853 2435 4893 the
2464 4850 2679 4893 Taxatio
2706 4851 2835 4899 Nic..
2862 4853 2947 4896 but
2976 4852 3123 4896 after-

647 4908 812 4954 warda
839 4910 1132 4957 eoddinaton
1159 4911 1200 4952 is
1226 4910 1398 4953 named
1425 4911 1472 4951 in
1500 4912 1565 4952 its
1593 4912 1738 4958 piace.
