3459 5617
629 490 749 548 280
1271 488 1627 568 Reqistmm
1682 488 1903 550 Thome
1957 489 2030 550 dc
2088 490 2419 569 Cantibupo

632 711 891 771 Domini
948 711 1246 791 Episcopi
1300 711 1800 784 Herefordensis,
1857 732 2122 792 quorum
2178 718 2360 774 tenor
2407 713 2666 775 inferius
2713 714 3094 787 continetur,

629 822 849 877 contra
894 817 1245 897 predictum
1304 817 1649 878 Dominum
1717 838 1928 879 meum
1987 838 2102 899 pro
2159 818 2326 880 dicto
2381 819 2699 899 Episcopo
2757 818 3096 882 Assavensi

630 922 866 983 tulistis
916 923 1032 983 sub
1080 924 1198 983 hac
1248 923 1465 996 forma,
1516 944 1618 985 me
1666 924 1921 985 nomine
1975 925 2274 1005 predict0,
2331 930 2396 986 et
2451 926 2690 986 dictum
2745 926 3096 987 Dominum

630 1047 861 1099 meum,
902 1032 965 1088 et
1007 1028 1357 1089 Ecclesiam
1400 1028 1930 1090 Herefordensem
1971 1029 2206 1109 injuste
2246 1030 2572 1110 gravastis,
2615 1051 2654 1091 a
2693 1030 2865 1091 dicta
2905 1031 3094 1093 inter-

632 1134 937 1195 locutoria
977 1134 1213 1214 injusta
1256 1140 1319 1195 et
1360 1134 1576 1214 iniqua
1623 1134 1910 1196 senciens
1953 1156 2054 1196 me
2101 1136 2356 1197 nomine
2392 1136 2690 1216 predict0,
2733 1142 2800 1197 et
2855 1137 3096 1198 dictum

633 1240 980 1301 Dominum
1031 1260 1241 1300 meum
1285 1240 1526 1319 gravari
1575 1244 1640 1301 et
1694 1246 1984 1320 gravatos
2041 1261 2196 1312 esse,
2240 1242 2320 1302 ad
2361 1242 2706 1303 Dominum
2749 1243 2992 1322 Papam
3033 1248 3097 1305 et

634 1346 858 1407 Sedem
903 1344 1326 1425 Apostolicam
1372 1346 1636 1427 appello,
1679 1353 1745 1408 et
1794 1347 2128 1428 Apostolos
2183 1347 2494 1409 instanter
2539 1353 2707 1428 pet0,
2753 1354 2819 1411 et
2867 1349 3096 1410 iterum

630 1457 798 1531 peto,
842 1471 999 1531 quos
1040 1452 1095 1512 si
1136 1452 1329 1513 michi
1371 1452 1842 1531 denegaveritis,
1886 1453 2114 1514 iterum
2155 1452 2221 1511 in
2263 1452 2388 1513 hiis
2429 1452 2680 1534 scriptis
2722 1454 2992 1533 appello,
3033 1459 3097 1515 et

633 1558 711 1617 ad
755 1558 1099 1617 Dominum
1142 1558 1381 1638 Papam
1420 1559 1642 1630 denuo,
1682 1579 1828 1619 cum
1865 1579 1978 1638 pro
2016 1564 2297 1638 tempore
2334 1558 2727 1620 recitacionis
2761 1559 3096 1621 interlocu-

630 1664 789 1724 torie
831 1664 1045 1725 decem
1095 1664 1337 1725 dierum
1380 1665 1662 1744 spacium
1704 1664 1789 1725 sit
1831 1686 1868 1724 a
1906 1665 2044 1745 jure
2084 1685 2471 1736 concessum,
2514 1666 2594 1725 ad
2635 1666 3096 1726 convolandum

633 1770 711 1829 ad
761 1769 1204 1848 appellacionis
1253 1770 1663 1841 beneficium;
1720 1775 1785 1831 et
1833 1791 1964 1842 vos,
2015 1770 2316 1831 addentes
2364 1788 2700 1850 gravamen
2747 1770 3098 1849 gravamini

632 1875 871 1934 dictum
910 1874 1067 1953 juris
1109 1874 1481 1935 beneficium
1526 1875 1717 1935 michi
1768 1880 1987 1935 contra
2024 1875 2126 1955 jus
2175 1874 2418 1937 auferre
2465 1876 2742 1936 nitentes
2814 1922 2829 1936 .
2899 1922 2914 1935 .
2981 1923 2995 1935 .
3061 1878 3098 1935 ‚¹

634 1986 705 2040 ut
763 1999 895 2060 ego,
938 1981 1194 2041 nomine
1250 1980 1508 2040 Domini
1567 1981 1690 2041 mei
1748 1981 2030 2060 predicti,
2074 1982 2204 2042 sive
2263 1981 2468 2042 dictus
2526 1982 2840 2043 Dominus
2899 2002 3093 2053 meus,

636 2086 915 2147 libellum
970 2087 1243 2166 recipere
1300 2087 1616 2157 debemus,
1667 2092 1732 2148 et
1787 2087 1854 2146 in
1907 2087 2166 2167 negocio
2221 2088 2554 2167 procedere
2601 2088 2975 2168 principali;
3023 2103 3100 2149 ex

630 2192 751 2254 hoc
792 2193 989 2253 eciam
1026 2194 1311 2255 senciens
1345 2194 1605 2273 gravari,
1636 2214 1737 2254 me
1772 2194 2026 2256 nomine
2058 2194 2339 2274 predicto
2373 2198 2438 2255 et
2471 2194 2710 2254 dictum
2746 2195 3094 2256 Dominum

631 2320 861 2370 meum,
903 2300 1251 2360 Ecclesiam
1291 2300 1837 2371 Heresordensem,
1878 2304 1941 2360 et
1977 2300 2117 2379 jura
2153 2300 2370 2380 ipsius,
2411 2299 2795 2379 proteccioni
2833 2300 3094 2361 Domini

632 2407 805 2486 Pape
834 2412 897 2467 et
929 2406 1107 2467 Sedis
1137 2405 1493 2486 Apostolice
1522 2406 1761 2467 subicio
1789 2412 1854 2467 et
1881 2426 2184 2487 suppon0.
2270 2406 2652 2467 Gravamina
2679 2412 2894 2467 autem
2923 2406 3096 2467 illata

630 2502 962 2575 manifeste
1019 2518 1323 2594 apparent
1364 2514 1429 2572 in
1486 2512 1962 2593 excepcionibus
2017 2517 2082 2573 et
2132 2512 2486 2573 racionibus
2533 2512 2894 2592 propositis,
2938 2532 3094 2592 quas

627 2620 910 2680 raciones
966 2624 1029 2680 et
1084 2619 1491 2699 excepciones
1540 2623 1604 2680 et
1653 2618 2048 2679 defensiones
2095 2617 2291 2679 offero
2339 2638 2440 2678 me
2488 2617 2742 2677 nomine
2789 2618 3091 2697 predictO,

631 2726 975 2787 secundum
1031 2725 1299 2787 formam
1352 2725 1508 2805 juris
1563 2726 1631 2784 in
1685 2745 1811 2805 qua
1872 2730 2105 2795 teneor,
2163 2744 2372 2785 coram
2428 2722 2812 2802 competenti
2867 2723 2912 2783 J
2911 2724 3091 2785 udice

626 2831 1035 2911 probaturum
1078 2836 1143 2892 et
1181 2837 1601 2892 ostensurum.
1691 2831 1830 2909 [cui
1874 2830 2275 2910 appellationi
2305 2830 2640 2907 Dominus]
2685 2829 2765 2889 ob
2805 2849 3090 2889 reveren-

629 2937 791 2999 ciam
852 2938 1029 2999 Sedis
1086 2938 1445 3016 Apostolice
1498 2936 1724 2998 detulit
1765 2942 2138 3007 reverenter,
2180 2941 2245 2997 et
2288 2941 2418 2996 tam
2460 2934 2640 2996 nobis
2687 2955 2880 3014 quam
2924 2936 3090 2995 dicto

631 3043 969 3104 Assavensi
1025 3044 1341 3123 Episcopo
1398 3044 1736 3103 terminum
1792 3042 2040 3122 prefixit
2093 3043 2159 3101 in
2217 3042 2405 3104 Curia
2453 3042 2757 3112 Romana,
2801 3041 3090 3101 videlicet

630 3148 709 3209 ab
770 3148 875 3228 viij
944 3148 1259 3208 Kalendas
1322 3148 1362 3209 J
1364 3149 1515 3219 unii,
1580 3168 1746 3210 anno
1803 3148 2059 3208 Domini
2115 3146 2629 3217 M⁰GG0LXXX⁰,
2687 3148 2768 3206 ad
2822 3152 3091 3226 quatuor

633 3273 882 3314 menses
924 3264 1145 3334 postea
1195 3258 1493 3315 continue
1542 3255 1987 3325 numerandos,
2032 3274 2157 3334 quo
2199 3274 2311 3315 vos
2360 3263 2422 3313 et
2465 3254 2672 3313 dictus
2719 3255 3088 3315 Assavensis

626 3359 980 3438 Episcopus
1037 3360 1099 3418 in
1154 3360 1374 3420 eadem
1432 3361 1719 3420 Romana
1777 3361 1984 3430 Curia,
2029 3380 2241 3420 coram
2301 3361 2560 3421 Summo
2613 3360 2946 3431 Pontifice,
2990 3360 3088 3420 vel

628 3465 913 3525 auditore
972 3464 1051 3525 ab
1116 3484 1189 3525 eo
1249 3465 1611 3543 deputando
1669 3466 2051 3525 sufficienter
2107 3465 2543 3543 compareatis,
2594 3464 2885 3525 instructi
2943 3484 3084 3525 cum

625 3570 915 3632 omnibus
979 3570 1158 3641 actis,
1215 3570 1477 3648 juribus,
1536 3578 1600 3629 et
1664 3571 2070 3631 munimentis
2129 3572 2206 3631 ad
2271 3590 2526 3631 causam
2586 3590 2696 3631 seu
2754 3572 3083 3649 negocium

634 3684 1030 3757 prenotatum
1077 3676 1527 3755 spectantibus,
1558 3678 1928 3755 processuri.
2016 3676 2104 3736 Et
2148 3696 2260 3755 ego
2302 3697 2377 3736 ex
2420 3684 2598 3755 parte
2641 3677 2795 3737 dicti
2829 3678 3084 3737 Domini

629 3783 1105 3844 Cantuariensis
1176 3782 1637 3861 Archiepiscopi
1714 3784 2024 3861 premissa
2091 3783 2266 3843 vobis
2335 3783 2740 3853 denuncians,
2815 3784 3082 3843 eundem

624 3890 961 3950 terminum
990 3888 1165 3950 vobis
1198 3888 1431 3966 prefigo
1465 3888 1529 3946 in
1572 3887 1774 3947 forma
1815 3888 2100 3966 superius
2142 3893 2486 3981 annotat&
2532 3894 2596 3947 et
2637 3887 3082 3949 nichilominus

628 3996 755 4056 cito
798 4012 908 4055 vos
949 3993 1385 4073 peremptorie,
1431 4012 1507 4052 ex
1559 4000 1739 4070 parte
1793 3992 2047 4052 Domini
2089 3991 2555 4070 Archiepiscopi
2597 3994 2968 4070 supradicti,
3011 4000 3080 4053 ut

625 4100 789 4160 infra
831 4100 1183 4178 quindecim
1235 4100 1387 4169 dice,
1434 4118 1472 4158 a
1515 4098 1683 4157 dicto
1727 4098 1832 4175 viij
1881 4098 2203 4157 Kalendas
2249 4097 2469 4175 [Junii]
2515 4099 2814 4157 continue
2864 4118 3078 4157 nume-

622 4206 877 4277 randos,
922 4226 1032 4284 per
1073 4226 1184 4266 vos
1227 4205 1325 4264 vel
1369 4225 1481 4283 per
1522 4206 1998 4264 Procuratorem
2037 4204 2370 4282 ydoneum,
2411 4204 2830 4281 compareatis
2869 4224 3078 4263 coram

623 4314 842 4374 eodem
887 4312 1159 4371 Domino
1204 4310 1701 4387 Archiepiscop0,
1747 4308 2121 4388 ubicunque,
2167 4316 2309 4374 etc..
2351 4308 2594 4385 copiam
2639 4307 2972 4369 relacionis
3013 4309 3076 4367 in

625 4418 790 4477 dicte
861 4415 1303 4494 appellacionis
1366 4414 1624 4492 negocio
1680 4433 1792 4491 per
1853 4414 2058 4490 ipsum
2122 4413 2463 4471 Dominum
2527 4412 3076 4491 Archiepiscopum

624 4524 941 4601 prefatum
1004 4522 1109 4599 viij
1179 4520 1499 4580 Kalendas
1562 4520 1599 4579 J
1606 4520 1735 4579 unii
1797 4519 1959 4578 facte
2021 4519 2349 4595 recepturi,
2415 4518 2470 4577 si
2526 4516 2704 4578 vobis
2766 4518 3078 4578 videbitur

627 4628 934 4705 expedire.
1029 4626 1269 4701 Quibus
1328 4628 1416 4686 sic
1476 4626 1653 4695 actis,
1714 4624 1882 4684 idem
1945 4624 2242 4701 magister
2309 4623 2613 4693 AnianuS,
2678 4624 3074 4693 Procurator,

620 4734 1049 4811 procuratorio
1093 4733 1342 4791 nomine
1384 4730 1611 4809 prefati
1653 4730 1864 4790 Patris
1907 4729 2164 4788 Domini
2202 4728 2298 4788 sui
2344 4728 2712 4788 Assavensis
2754 4728 3070 4809 Episcopi,

749 4882 962 4927 l-Here.
992 4881 1083 4923 and
1112 4881 1157 4921 {n
1186 4882 1369 4922 several
1395 4882 1533 4924 other
1560 4882 1716 4929 places
1743 4879 1794 4922 of
1819 4892 1848 4921 a
1875 4888 1991 4928 page
2017 4878 2242 4921 attached
2267 4882 2320 4921 to
2345 4878 2425 4921 fol.
2453 4878 2548 4924 ssb.
2580 4878 2793 4925 non-tiens
2821 4880 2944 4921 have
2971 4880 3080 4921 been

616 4935 727 4973 torn
753 4930 820 4973 off
845 4932 938 4972 and
964 4942 1095 4973 some
1120 4932 1277 4973 words
1302 4944 1385 4973 are
1413 4934 1526 4973 lost.
