3459 5617
1169 508 1472 589 Episcopi
1523 509 2006 590 Herefordcnsis.
2739 513 2817 573 57

369 730 674 793 subtracti
719 734 1028 804 carencia,
1077 734 1402 795 viduitatis
1449 734 1684 794 amictu
1734 734 2139 805 circumdata,
2183 734 2381 795 oculis
2428 734 2723 795 resolutis
2762 734 2829 794 in

373 838 688 910 lacrimae,
721 840 862 918 ejus
902 838 1023 900 sibi
1063 840 1343 919 queritur
1384 840 1682 919 adempta
1727 839 1983 911 solacia,
2030 840 2309 900 lamenta
2351 839 2429 900 de
2472 840 2642 901 illius
2684 840 2829 900 sub-

369 945 688 1005 traccione
718 945 1119 1024 multiplicat,
1149 954 1214 1005 et
1243 946 1434 1006 anxia
1460 965 1574 1025 pro
1615 946 1875 1005 alterius
1917 945 2373 1007 substitucione
2406 945 2684 1017 laborat;
2728 946 2829 1007 Eo

366 1050 748 1130 quandoque
789 1050 1090 1129 prolixius
1131 1069 1276 1130 quo,
1322 1050 1446 1111 hiis
1486 1070 1750 1130 quorum
1792 1052 2055 1111 interest
2096 1071 2241 1111 cum
2284 1052 2457 1111 omni
2498 1052 2832 1129 diligencia

362 1155 651 1217 sollerter
692 1175 768 1216 ac
817 1157 1128 1217 instanter
1168 1156 1450 1236 ejusdem
1493 1155 1778 1217 Ecclesia
1817 1156 2157 1234 provisioni
2198 1156 2567 1217 vacantibus
2608 1157 2827 1217 nichil·

363 1260 615 1322 ominus
661 1270 875 1322 tamen
903 1262 1257 1323 vacacionis
1297 1262 1721 1341 prolixitatem
1772 1262 1999 1340 ingerit
2046 1262 2515 1323 occurrencium
2564 1282 2827 1323 casuum

359 1368 638 1447 qualitas
695 1368 1084 1447 aliarumque
1145 1367 1767 1429 circumstanciarum
1824 1368 2189 1438 necessitas,
2248 1387 2375 1428 non
2443 1368 2827 1429 instancium

363 1472 758 1550 negligencia
796 1472 896 1532 vel
937 1472 1252 1534 voluntas.
1338 1471 1426 1531 Et
1469 1471 1616 1532 licet
1657 1471 1909 1531 interim
1950 1470 2171 1532 eadem
2213 1471 2522 1543 Ecclesia,
2552 1472 2703 1532 dum
2745 1473 2832 1533 ad

367 1578 716 1639 edicionem
775 1578 1118 1657 spiritualis
1171 1579 1390 1657 patris,
1449 1577 1580 1648 filii,
1638 1578 1977 1657 sponsique
2026 1578 2301 1638 votivam
2358 1579 2637 1649 enititur,
2686 1599 2827 1658 par·

367 1685 666 1745 turientis
694 1690 906 1763 partes
933 1686 1280 1763 experiens,
1311 1690 1576 1744 conatus
1605 1701 1990 1761 prosequens
2019 1688 2083 1742 et
2123 1683 2445 1744 molestias
2484 1685 2825 1763 perferens,

359 1791 619 1853 acerbos
691 1790 936 1851 dolores
1005 1792 1266 1861 senciat,
1323 1790 1522 1850 instar
1589 1789 1757 1849 illius
1827 1796 2040 1850 tamen
2098 1788 2455 1850 consulcius
2508 1790 2825 1869 ydoneum

363 1897 651 1977 pariendi
701 1906 954 1975 tempus
1002 1900 1317 1975 expectat,
1351 1915 1433 1955 ne
1473 1895 1828 1956 inconsulte
1870 1894 2245 1956 festinancie
2288 1895 2529 1975 impetu
2574 1902 2825 1974 partum

363 2004 696 2084 precipitet
725 2004 792 2063 in
821 2001 1128 2065 abortum.
1199 2002 1300 2063 Sic
1321 2002 1510 2081 igitur
1528 2008 2013 2081 presumptuosa
2032 2000 2267 2080 judicia
2286 2002 2823 2062 murmurancium

361 2110 426 2170 in
465 2108 758 2169 Ecclesie
797 2107 1153 2187 provisione
1194 2127 1533 2187 quamsepe
1573 2108 1827 2187 indigne
1870 2114 2139 2187 arguunt
2181 2107 2565 2168 tarditatem.
2654 2109 2825 2169 Nam

362 2214 483 2276 etsi
512 2214 592 2274 de
621 2214 1007 2293 providendo
1035 2213 1273 2275 utiliter
1300 2213 1500 2275 eidem
1532 2213 1817 2274 Ecclesia
1846 2214 1909 2273 in
1952 2214 2361 2291 generalitate
2390 2214 2665 2293 quadam
2696 2213 2825 2275 sint

369 2319 748 2400 eligencium
798 2326 946 2381 vota
993 2318 1345 2389 concordia,
1397 2324 1613 2379 tamen
1663 2318 1813 2379 dum
1864 2318 2263 2397 singulariter
2309 2319 2391 2380 ad
2446 2319 2507 2378 id
2556 2338 2829 2399 persona

359 2427 584 2487 idonea
628 2426 930 2506 queritur,
963 2426 1028 2485 in
1070 2425 1189 2485 hoc
1230 2425 1522 2485 nimirum
1566 2426 1969 2504 querencium
2012 2424 2245 2503 judicia
2284 2426 2467 2486 facile
2510 2446 2635 2486 non
2670 2446 2815 2487 con·

355 2533 642 2604 cor-dant,
697 2540 797 2593 set
849 2538 912 2593 et
965 2550 1416 2611 nonnunquam
1468 2532 1719 2592 occulta
1760 2532 1971 2593 forsan
2016 2532 2136 2593 Dei
2185 2532 2600 2612 disposicione
2647 2542 2819 2613 post·

355 2638 688 2717 ponendus
717 2638 968 2716 eligitur
995 2645 1059 2697 et
1085 2637 1483 2716 postponitur
1509 2637 1951 2714 preferendus;
1996 2636 2159 2698 sicut
2189 2637 2310 2697 hiis
2352 2638 2653 2699 accidisse
2696 2640 2823 2700 die·

358 2743 474 2805 bus
503 2761 580 2803 ex
611 2749 970 2804 nostrorum
1016 2741 1372 2803 defectuum
1417 2741 1925 2803 consideracione
1968 2743 2381 2822 supponimus
2410 2751 2474 2804 et
2503 2744 2825 2806 humiliter

354 2849 748 2909 confitemur.
871 2849 1090 2927 Nuper
1135 2849 1301 2908 enim
1353 2848 1550 2909 felicis
1597 2848 2050 2910 recordacionis
2098 2848 2391 2910 Johanne
2439 2850 2634 2929 Papa,
2685 2870 2821 2930 pre-

357 2974 684 3037 pecessore
728 2962 968 3025 nostre,
1012 2953 1179 3033 apud
1221 2952 1594 3026 Viterbium,
1632 2953 1739 3014 ubi
1768 2960 1919 3015 tunc
1948 2974 2089 3015 cum
2122 2974 2237 3015 sua
2266 2955 2455 3017 Curia
2482 2955 2819 3029 residebat,

361 3061 440 3123 ab
482 3062 605 3121 hac
641 3061 781 3121 luce
824 3059 1164 3132 subtractO,
1206 3065 1270 3120 et
1313 3060 1512 3139 ipsius
1548 3080 1805 3139 corpore
1840 3061 1908 3120 in
1949 3038 2331 3121 Viterbiensi
2372 3062 2635 3122 ecclesia
2676 3081 2823 3123 cum

361 3168 770 3247 exequiarum
827 3166 1296 3245 sollempnitate
1337 3165 1548 3227 debita
1602 3167 1934 3238 tumulat0,
1980 3165 2237 3227 tandem
2294 3185 2428 3239 nos,
2480 3174 2543 3227 et
2597 3166 2824 3229 fratres

366 3273 594 3353 quibus
625 3291 743 3333 nos
772 3280 925 3333 tunc
954 3271 1139 3333 officii
1167 3292 1291 3352 quo
1334 3271 1416 3331 ad
1443 3272 1562 3331 hoc
1604 3272 2056 3333 annumerabat
2097 3272 2426 3353 equalitas,
2458 3272 2523 3332 in
2564 3273 2822 3334 Palacio

361 3377 732 3457 Episcopali
801 3378 1228 3447 convenimus,
1285 3376 1749 3456 propensiorem
1809 3376 2201 3453 diligenciam
2272 3378 2625 3440 desiderate
2678 3398 2819 3458 pro·

352 3484 576 3546 visioni
621 3483 826 3544 eidem
867 3484 1153 3544 Ecclesia
1195 3483 1556 3562 impensuri.
1642 3482 1730 3543 Et
1772 3503 2153 3563 quamquam
2195 3484 2302 3544 ille
2329 3484 2435 3563 qui
2464 3484 2681 3544 celesti
2708 3485 2819 3545 dat

359 3592 695 3651 concentui
735 3590 824 3668 [h]
845 3590 1211 3661 armoniam,
1244 3609 1378 3661 nos,
1405 3588 1522 3650 sub
1549 3589 1843 3649 clausura
1871 3589 2087 3650 eadem
2124 3589 2501 3661 habitantes,
2526 3590 2589 3649 in
2620 3610 2817 3651 unum

361 3696 441 3757 ad
469 3698 694 3757 utilem
725 3695 1142 3775 provisionem
1187 3694 1384 3773 ipsius
1427 3695 1710 3755 Ecclesie
1754 3694 2182 3767 obtinendam,
2213 3702 2397 3773 prout
2432 3696 2818 3773 singulorum

367 3802 598 3865 habeat
642 3802 932 3873 asserci0,
963 3802 1294 3863 unanimes
1324 3803 1454 3862 fore
1497 3822 1611 3863 sua
1637 3801 1744 3880 pia
1772 3801 2064 3863 voluntas
2092 3802 2469 3862 concesserit
2487 3821 2503 3873 ;
2550 3803 2629 3863 ad
2673 3822 2814 3863 con-

363 3908 857 3971 summacionem
889 3914 1105 3967 tamen
1132 3906 1503 3986 provisionis
1532 3906 1837 3985 eiusdem,
1870 3907 1999 3967 alto
2028 3926 2142 3968 suo
2170 3914 2233 3969 et
2268 3914 2507 3969 secreto
2535 3908 2815 3982 consiliO,

360 4014 510 4076 dare
553 4013 922 4093 aliquandiu
964 4012 1209 4073 distulit
1253 4012 1542 4092 spiritum
1584 4013 1872 4073 unitatis.
1961 4012 2071 4073 Set
2112 4012 2361 4073 demum
2394 4014 2459 4072 in
2487 4013 2587 4074 die
2614 4014 2816 4075 Beate

363 4120 686 4191 Katerine,
747 4119 1085 4181 Missarum
1145 4119 1532 4197 sollempniis
1586 4138 1728 4179 cum
1801 4118 2202 4179 invocacione
2260 4118 2475 4179 Sancti
2548 4119 2818 4197 Spiritus

359 4228 710 4298 celebratis,
786 4226 976 4287 iidem
1046 4227 1271 4286 fratres
1345 4226 1408 4286 in
1481 4224 1903 4285 humilitatem
1974 4231 2276 4295 nostram,
2346 4224 2614 4302 (utinam
2688 4246 2815 4286 non

364 4332 810 4393 exhorbitante
864 4330 1152 4410 judicio),
1209 4350 1322 4409 per
1375 4330 1538 4390 viam
1596 4330 1882 4390 scrutinii
1938 4329 2410 4401 concordantes,
2466 4350 2603 4402 nos,
2661 4337 2815 4393 tuno

362 4438 577 4500 Sancti
629 4436 924 4497 Nicholai
967 4436 1033 4497 in
1079 4456 1324 4497 carcere
1374 4436 1663 4496 Tulliano
1712 4435 2067 4496 Diaconum
2112 4435 2529 4506 Cardinalem,
2561 4436 2639 4496 ad
2669 4456 2815 4496 con-

356 4544 777 4605 scendendam
849 4542 1207 4622 Apostolice
1271 4541 1595 4620 dignitatis
1658 4540 1977 4620 speculam
2039 4541 2420 4602 unanimiter
2474 4542 2814 4621 elegerunt,

355 4651 532 4712 nobis
588 4658 832 4711 vestem
881 4648 1150 4729 poderis¹
1213 4648 1571 4708 universum
1616 4646 1786 4708 orbis
1827 4645 2133 4707 ambitum
2201 4648 2629 4708 continentem
2688 4667 2814 4709 non

357 4758 689 4819 offerentes
707 4756 1169 4828 tantummod0‚
1194 4764 1290 4815 set
1319 4754 1518 4815 eciam
1549 4773 1689 4813 cum
1719 4753 2081 4831 importuna
2098 4752 2414 4813 instancia
2435 4754 2811 4832 ingerentes.

500 4902 796 4949 l—Poden’s.
825 4916 854 4945 a
887 4904 994 4951 long
1031 4904 1226 4952 priestly
1259 4906 1514 4944 vestment.
1585 4900 1696 4943 Ord.
1732 4900 1859 4942 Vita!
1894 4896 1987 4947 (ap.
2026 4900 2099 4941 Du
2134 4896 2321 4945 cange).
2358 4896 2577 4944 Quidam
2610 4898 2821 4940 illorum

349 4952 682 4999 (clericorum)
705 4954 976 5001 poderibus
1001 4954 1114 4996 suis
1139 4952 1330 4995 induti.
