3459 5617
342 1980 443 2024 Fol.
468 1984 534 2023 ⁴2.

648 510 766 570 302
1308 511 1664 591 Reqistmm
1720 511 1941 572 Thome
1994 510 2068 571 de
2126 510 2458 591 Cantibupo

649 734 1003 795 willelmus
1044 735 1121 796 de
1162 735 1508 813 Broobury,
1554 735 1633 795 ad
1701 734 1956 796 titulum
2017 735 2400 814 patrimonii,
2465 740 2574 817 qui
2622 735 2857 795 residet
2909 754 3107 814 penes

1054 840 1422 918 magistrum
1454 838 1814 900 Ricardum.
2051 904 2054 907 ,

650 945 970 1007 Walterus
1010 946 1088 1006 de
1131 945 1654 1026 Welnythehope‚
1699 946 1781 1005 ad
1822 946 2167 1007 cantariam
2211 946 2410 1008 Beate
2457 946 2655 1006 Marie
2709 945 2788 1006 de
2844 946 3084 1007 eadem.

650 1052 976 1113 Johannes
1021 1054 1098 1114 de
1148 1053 1582 1125 Credenhulle,
1628 1053 1706 1114 ad
1751 1054 2288 1132 presentacionem
2333 1053 2590 1113 Domini
2629 1054 2706 1114 G.
2753 1053 3039 1115 Talebot.

650 1156 932 1235 Bogerus
976 1158 1053 1219 de
1091 1158 1490 1229 Blakewelle‚
1532 1157 1613 1218 ad
1660 1157 1918 1218 titulum
1968 1158 2350 1236 pan-imonii,
2399 1177 2586 1239 quem
2633 1157 2824 1218 habet.
2880 1158 3106 1237 magis-

893 1270 989 1324 ter
1039 1265 1114 1324 R.

647 1369 973 1430 Johannes
1022 1370 1101 1430 de
1150 1369 1464 1441 Bristolle,
1510 1369 1587 1431 de
1638 1370 1820 1442 Rosa,
1871 1370 1954 1431 ad
2001 1369 2258 1430 titulum
2300 1370 2680 1449 patrimonii,
2713 1374 2784 1430 ut
2810 1370 3009 1448 prius,

654 1475 845 1553 Hugo
897 1475 973 1534 de
1027 1475 1401 1545 Stauntone,
1454 1474 1534 1534 ad
1579 1474 1833 1535 titulum
1884 1475 2266 1553 patrimonii.

652 1580 959 1641 Ricardus
1008 1581 1087 1640 de
1137 1580 1343 1640 Parva
1394 1580 1790 1652 Herefordia‚
1823 1580 1904 1640 ad
1956 1579 2208 1640 titulum
2257 1580 2642 1659 patrimonii.

656 1686 857 1748 Adam
907 1686 985 1745 de
1036 1687 1290 1757 Astone,
1343 1686 1423 1746 ad
1472 1684 2013 1764 presentaoionem
2079 1684 2339 1745 Roberti
2404 1684 2480 1747 de
2537 1685 2946 1756 Monselowe‚
2998 1704 3110 1763 per

1054 1792 1352 1853 litteram.

814 1959 1092 2019 Nomina
1132 1958 1471 2019 Rectorum
1514 1958 1946 2017 ordinatorum
1995 1958 2077 2017 ad
2126 1957 2395 2020 Ordines
2443 1959 2861 2037 supradictos.

652 2093 723 2143 de
757 2091 1136 2143 Credenhulle.
1257 2090 1327 2141 de
1360 2093 1605 2141 Lettone.
1863 2091 1933 2141 de
1967 2091 2314 2141 Cardaetone.
2471 2091 2540 2141 de
2574 2092 2760 2156 Caple.

656 2181 725 2231 de
760 2180 1173 2245 Kynardeslege.
1259 2180 1327 2231 de
1362 2182 1523 2246 Hope
1540 2180 1820 2231 BoudlerS.
1863 2180 1932 2231 de
1968 2180 2325 2247 Staunforde.2
2476 2181 2546 2231 de
2581 2182 2848 2231 Staunton
2883 2182 3095 2297 {gimm-

652 2338 722 2387 de
756 2338 1039 2387 Staunton.
1257 2336 1326 2386 de
1361 2336 1691 2386 Hanewode.
1863 2337 1933 2387 de
1967 2337 2131 2388 Stoke
2164 2338 2326 2401 Lacy.
2467 2337 2536 2387 de
2571 2336 2768 2385 Biz-che
2805 2337 3005 2451 Sanfite
3025 2402 3038 2413 .

2960 2417 3086 2452 ane.

814 2552 1091 2612 Nomina
1129 2571 1258 2612 non
1299 2552 1695 2613 veniencium
1739 2552 2154 2615 Leoministre
2196 2554 2275 2613 ad
2318 2552 2604 2626 Ordines,
2647 2554 2908 2624 scilicet,
2951 2554 3104 2615 Reo-

647 2663 817 2720 tores
859 2657 1261 2719 ecelesiarum
1305 2658 1381 2719 de
1423 2658 1673 2719 Εΐῑοιιο.1
1994 2654 1998 2657 ’

647 2789 717 2838 de
750 2789 902 2851 Pipa.
1266 2787 1335 2837 de
1370 2789 1563 2851 Sapey.
1874 2786 1943 2837 de
1977 2787 2279 2852 Buterleye.
2478 2787 2546 2838 de
2581 2788 2757 2837 Parva
2795 2787 3068 2838 Wenlake.

648 2877 718 2927 de
752 2874 1111 2941 Kinkeehope.
1267 2876 1337 2926 de
1370 2875 1710 2940 Ullingwike.
1881 2875 1949 2926 de
1983 2876 2272 2927 Silvetone.
2482 2877 2551 2927 de
2585 2876 2924 2941 Maddelege.

650 2967 720 3017 de
753 2969 1087 3031 Kyngetone.
1258 2966 1327 3016 de
1361 2966 1603 3016 Credele.
1872 2965 1939 3016 de
1973 2968 2135 3017 Stoke
2163 2966 2450 3031 Milburge.
2475 2967 2544 3017 de
2577 2966 2880 3031 Bekebury.

646 3058 717 3109 de
751 3057 1008 3107 Lenhale.
1264 3058 1333 3107 de
1366 3055 1665 3107 Colewelle.
1868 3057 1936 3107 de
1969 3057 2338 3107 Wistantowe.
2473 3056 2542 3107 de
2575 3056 2972 3120 Burnwarlege.

649 3148 718 3199 de
752 3147 1050 3212 Brocbury.
1268 3148 1337 3197 de
1370 3147 1703 3197 Witeburne.
1873 3147 1942 3197 de
1975 3147 2168 3197 Castro
2206 3146 2440 3197 Ricardi.
2479 3147 2549 3197 de
2579 3147 2846 3210 Wililege.

649 3239 718 3289 de
754 3241 1062 3288 Monetone.
1272 3238 1410 3287 Item
1443 3246 1675 3287 rectores
1708 3236 1778 3287 de
1873 3237 1941 3287 de
1977 3236 2390 3301 Hopebagarde.
2479 3237 2549 3287 de
2581 3238 2786 3286 Actone
2821 3236 3094 3287 Rotunda.

651 3330 721 3380 de
754 3328 1007 3393 Byforde.
1273 3330 1575 3377 Estenoure
1605 3335 1659 3377 et
1692 3327 1776 3378 de.
1879 3327 1948 3378 de
1982 3327 2282 3378 colintone.
2482 3328 2551 3378 de
2589 3327 2924 3377 Musselawe.

652 3420 723 3471 de
756 3420 950 3483 Bruge.
1271 3418 1535 3469 StokbleS.
1874 3418 1944 3468 de
1979 3419 2158 3468 Grete.
2479 3417 2548 3468 de
2582 3418 2898 3483 Schiptone.

648 3508 718 3559 de
752 3509 1153 3573 Biscopoetone.
1268 3507 1338 3557 de
1374 3505 1681 3557 Wlfrelowe
1712 3515 1766 3557 et
1879 3508 2013 3557 Tres
2047 3508 2377 3557 Porcionarii
2481 3506 2550 3557 de
2583 3508 2874 3558 Strettone.

648 3599 717 3649 de
752 3598 1039 3647 Strettone.
1268 3594 1369 3645 fuit
1402 3594 1734 3645 ordinandus
2021 3596 2089 3647 de
2125 3595 2437 3647 Bureforde.
2479 3598 2528 3664 J.
2562 3603 2617 3646 et
2653 3597 2990 3663 Wi[l]sredus

1436 3684 1814 3736 subdiaconus
2479 3688 2812 3737 Porcionarii
2847 3689 2916 3738 de

650 3778 721 3829 de
754 3778 1039 3827 Radenore
1062 3778 1233 3827 Nova..
1268 3776 1337 3827 de
1371 3777 1547 3826 Parva
1580 3778 1773 3827 Coure.
1872 3776 1941 3827 de
1975 3778 2298 3841 Lindrugge.
2807 3778 3070 3842 Holegod.

647 3867 717 3918 de
751 3866 969 3917 Kinille.
1266 3866 1547 3941 dee—Parva
1584 3866 1802 3916 Marcle.
1873 3866 1942 3916 de
1976 3866 2257 3931 Cornlege.
2477 3867 2546 3917 de
2581 3868 2973 3919 Wlsstanstone

652 3955 721 4006 de
756 3955 1051 4007 Sernefeld.
1272 3956 1340 4005 de
1375 3956 1572 4005 Froma
1606 3956 1802 4005 Castri.
1874 3956 1943 4006 de
1979 3957 2236 4021 Hoptone
2259 3955 2460 4007 Wafre.
2481 3956 2550 4007 de
2584 3956 2834 4007 Lidham.

651 4045 720 4096 de
756 4045 1103 4109 Grugeslone.
1271 4044 1340 4095 de
1372 4046 1535 4094 Aura.
1873 4045 1942 4096 de
1977 4046 2222 4097 Estham.
2477 4046 2547 4097 de
2582 4049 2755 4097 Mora.

652 4137 722 4187 de
755 4136 957 4187 Crofte.
1270 4135 1340 4185 de
1373 4136 1681 4201 Westbury.
1875 4136 1944 4187 de
1976 4138 2106 4187 Aka.
2475 4138 2544 4187 de
2580 4136 3000 4201 Clungunforde.

650 4229 720 4278 de
755 4226 1017 4277 Humbre.
1269 4226 1337 4277 de
1370 4225 1696 4276 Bleehdone.
1876 4226 1945 4277 de
1979 4226 2166 4277 Bolde.
2479 4227 2548 4278 de
2583 4230 2933 4293 Bromptone.

654 4319 968 4383 Homptone
999 4316 1202 4367 Wafre.
1266 4317 1336 4367 de
1370 4316 1691 4380 Hnntelege.
1872 4316 1941 4367 de
1973 4316 2264 4367 Wethulle.
2380 4318 2390 4333 '
2475 4316 2544 4367 de
2581 4320 2974 4383 Montgomery.

651 4407 720 4458 de
754 4405 1066 4458 stretforde.
1266 4406 1337 4456 de
1368 4406 1679 4457 Tabritone.
1872 4408 1941 4457 de
1977 4408 2372 4457 Borewartone.
2478 4407 2547 4458 de
2584 4409 2934 4460 Pulrebache.

650 4496 720 4546 de
753 4497 1121 4547 Peterestowe.
1266 4496 1336 4547 de
1368 4496 1696 4547 Rudeforde.
1869 4498 1939 4549 de
1975 4499 2238 4549 Neutone.
2479 4500 2717 4550 Domino
2750 4500 2819 4551 de
2854 4502 3070 4551 Pontes-

651 4579 721 4628 de
754 4578 1055 4641 Langaran.
2940 4583 3089 4649 bury.

648 4658 718 4709 de
752 4660 1065 4709 IAnwaran.
1262 4658 1330 4709 de
1365 4660 1646 4709 Bikenore.
1871 4660 1939 4710 de
1973 4660 2209 4725 Clebury
2242 4662 2436 4711 North.
2475 4662 2855 4713 Porcionarius
2887 4665 2955 4715 de

2787 4746 3074 4811 Woetbury

648 4822 718 4871 de
753 4822 953 4871 Sancta
986 4822 1196 4885 Kayna.
1264 4820 1334 4871 de
1366 4824 1583 4872 Astone.
1869 4822 1938 4873 de
1973 4822 2322 4873 Middeltone.
2473 4831 2527 4875 et
2560 4824 2628 4875 de
2663 4826 2859 4876 Forda.

742 4940 909 4981 l-The
937 4939 1131 4987 parallel
1155 4939 1370 4982 columns
1396 4952 1478 4982 are
1504 4940 1736 4989 arranged
1762 4954 1819 4985 as
1845 4942 1892 4983 in
1918 4943 2001 4983 the
2027 4944 2130 4985 MS.
2157 4940 2252 4985 and
2278 4954 2360 4985 are
2385 4946 2438 4985 to
2463 4942 2520 4985 be
2545 4944 2658 4986 read
2683 4944 2998 4987 downwards.
