3459 5617
1138 502 1439 582 Episcopi
1493 503 1566 563 H
1562 504 1975 582 erefordensis.
2671 508 2790 566 245

316 751 483 811 June
523 755 622 821 23,
665 752 1340 813 1280.—Instructions
1399 760 1457 813 to
1512 753 1713 830 Roqer
1760 753 1833 813 de
1883 753 2188 815 Sevenake
2239 761 2296 815 to
2338 755 2471 832 qive
2515 762 2572 815 ιο
2617 755 2786 816 John

563 832 637 892 de
684 832 982 910 Bitterley
1035 833 1132 893 the
1179 840 1448 894 sentence
1488 835 1559 913 of
1598 833 1990 913 deprivation
2028 835 2230 895 which
2271 837 2327 896 is
2373 842 2429 895 to
2474 836 2539 895 be
2584 842 2783 896 trans-

562 912 779 972 mitted
829 920 887 973 to
939 914 1036 974 the
1084 913 1477 975 Arehdeacon
1517 915 1588 995 os
1629 915 1821 994 Salop
1875 915 2030 975 with
2086 916 2184 976 the
2231 916 2480 986 record:
2543 924 2600 977 ιο
2653 917 2785 994 levy

566 992 760 1072 before
786 994 1189 1055 Michaelmas
1226 996 1324 1055 the
1362 995 1531 1054 tenth
1567 995 1821 1056 allowed
1861 1003 1918 1056 to
1959 996 2056 1056 the
2097 995 2333 1076 Bishop
2353 1019 2376 1067 ‚·
2425 1004 2482 1057 ιο
2524 1017 2785 1076 arranqe

562 1074 717 1134 with
756 1075 959 1136 Adam
997 1076 1069 1136 de
1111 1075 1328 1154 F'ileby
1380 1076 1477 1137 the
1525 1083 1684 1155 steps
1738 1083 1796 1137 to
1839 1077 1906 1136 be
1949 1077 2130 1138 taken
2169 1099 2238 1138 as
2284 1085 2342 1138 to
2387 1078 2482 1138 the
2516 1078 2788 1156 prebend

564 1157 635 1235 of
667 1156 940 1226 Preston,
985 1157 1083 1217 the
1111 1156 1311 1236 fruits
1354 1159 1425 1236 of
1464 1156 1667 1217 which
1706 1178 1811 1218 are
1855 1165 1912 1219 to
1956 1159 2021 1218 be
2061 1158 2341 1219 collected
2385 1158 2460 1237 by
2501 1159 2788 1220 Richard

564 1237 636 1315 of
700 1236 1070 1315 Glehonqer;
1145 1243 1203 1298 ιο
1264 1238 1521 1317 provide
1577 1239 1687 1318 for
1757 1239 1855 1299 the
1923 1239 2176 1299 election
2236 1240 2306 1318 of
2367 1261 2407 1300 a
2474 1239 2662 1300 Prior
2721 1241 2794 1319 of

570 1317 920 1396 Chirbury;
968 1319 1075 1396 for
1132 1318 1229 1379 the
1283 1319 1409 1379 sale
1455 1320 1564 1397 for
1619 1319 1786 1397 sixty
1844 1319 2050 1380 marks
2092 1321 2163 1398 of
2213 1320 2310 1380 the
2363 1321 2668 1398 marriaqe
2723 1322 2796 1400 of

567 1398 773 1458 James
819 1399 869 1458 le
910 1399 1109 1468 Poer‚·
1145 1400 1252 1477 for
1295 1399 1391 1459 the
1419 1399 1556 1459 debt
1585 1401 1656 1478 of
1688 1421 1797 1460 one
1842 1401 2118 1460 hundred
2158 1401 2365 1461 marks
2396 1402 2566 1480 from
2605 1402 2788 1462 Peter

564 1479 637 1538 de
691 1479 891 1556 Lacy;
950 1480 1077 1540 and
1134 1480 1229 1540 the
1284 1481 1411 1540 sale
1454 1481 1561 1558 for
1615 1501 1723 1541 one
1783 1481 2059 1541 hundred
2105 1482 2349 1560 pounds
2392 1482 2462 1560 of
2510 1489 2671 1542 rents
2714 1482 2788 1542 in

574 1559 931 1629 Wiltshire;
968 1561 1077 1639 for
1116 1561 1542 1638 confirmation
1579 1562 1650 1639 of
1694 1562 1792 1622 the
1831 1583 1995 1622 same
2037 1563 2112 1639 by
2157 1562 2254 1622 the
2301 1561 2568 1641 Chapter
2586 1584 2609 1633 ,·
2659 1563 2786 1624 and

553 1641 661 1718 for
701 1641 991 1702 collation
1040 1648 1097 1701 to
1142 1641 1238 1701 the
1285 1641 1530 1702 Ghurch
1571 1644 1641 1721 of
1676 1641 1858 1702 Stoke
1899 1643 2091 1720 Lacy.

486 1823 966 1882 Memorandum
1035 1824 1201 1903 quod
1271 1844 1437 1884 anno
1520 1824 1779 1885 Domini
1851 1823 2366 1895 M⁰GC⁰LXXX⁰,
2437 1825 2506 1884 in
2560 1825 2790 1904 Vigilia

323 1929 693 1990 Nativitatis
762 1929 945 1989 Beati
1014 1930 1055 1990 J
1058 1930 1324 1990 ohannis
1387 1929 1695 2010 Baptista,
1755 1931 1920 2009 apud
1981 1929 2267 2009 Arnleye‚
2338 1930 2404 1988 in
2465 1930 2791 2009 presencia

322 2035 764 2114 magistrorum
835 2035 1132 2096 Willelmi
1203 2037 1279 2096 de
1362 2036 1584 2096 Monte
1653 2036 1847 2108 Forti,
1919 2036 2218 2096 Willelmi
2282 2037 2359 2096 de
2430 2035 2790 2108 AlboniacO,

319 2140 577 2200 Roberti
633 2141 709 2200 de
766 2141 1177 2212 Gloucestria,
1235 2146 1299 2200 et
1353 2140 1392 2200 J
1396 2141 1665 2201 ohannis
1720 2142 1798 2200 de
1855 2141 2209 2219 Buterleye,
2258 2141 2540 2219 precepit
2595 2140 2782 2219 Epis-

317 2266 513 2326 copus
569 2246 868 2326 magistro
923 2247 1168 2326 Rogero
1224 2248 1300 2308 de
1346 2247 1710 2308 Sevenhake
1767 2248 1932 2326 quod
1976 2247 2363 2308 sentenciam
2405 2246 2783 2326 privacionis

320 2351 841 2414 Archidiconatus
906 2353 1273 2433 Salopesire,
1338 2374 1477 2414 cum
1552 2359 1689 2414 toto
1757 2373 2072 2432 processu,
2142 2353 2414 2414 traderet
2483 2353 2788 2432 magistro

317 2458 358 2518 J
360 2458 593 2518 ohanni
637 2458 713 2518 de
756 2459 1093 2537 Butcrleye
1135 2460 1511 2539 supradicto,
1551 2460 1671 2520 sibi
1712 2461 2111 2539 portandum.
2213 2461 2379 2520 Item
2423 2460 2588 2539 quod
2632 2459 2782 2518 dum

317 2563 590 2625 officium
641 2564 1058 2625 officialitatis
1113 2566 1429 2635 retineret,
1478 2571 1840 2644 procuraret
1896 2566 2204 2626 decimam
2263 2566 2578 2645 Episcopo
2635 2584 2780 2625 con-

318 2689 560 2731 cessam
618 2669 827 2740 levari,
892 2670 945 2730 si
1003 2675 1231 2750 potest,
1294 2677 1442 2731 ante
1506 2671 1767 2732 Festum
1829 2672 2044 2732 Sancti
2108 2671 2438 2731 Michaelis
2499 2671 2785 2749 proximo

316 2795 603 2854 sequens,
647 2781 718 2834 ut
773 2796 914 2837 eam
963 2795 1176 2837 secum
1225 2776 1426 2855 possit
1468 2780 1717 2855 portare
1759 2776 1857 2836 vel
1907 2776 2152 2836 tradere
2201 2775 2668 2846 mercatoribuS,
2715 2780 2780 2836 et

316 2880 481 2960 quod
522 2881 789 2960 pecunia
830 2881 913 2942 sit
954 2902 1117 2942 nova
1158 2886 1465 2960 quantum
1507 2881 1740 2961 poterit
1781 2883 2116 2961 procurari.
2202 2882 2369 2942 Item
2411 2882 2578 2962 quod
2611 2882 2780 2942 idem

314 2987 611 3067 magister
648 2987 929 3066 Rogerus
968 2987 1345 3067 colloquium
1380 2988 1608 3049 habeat
1642 3008 1788 3048 cum
1828 2988 2126 3067 magistro
2165 2987 2300 3048 Ada
2337 2989 2414 3048 de
2447 2987 2666 3067 Fileby
2704 2988 2782 3048 de

315 3092 441 3153 fine
479 3093 772 3172 ponendo
814 3112 958 3172 erga
1001 3093 1529 3154 Herefordensem
1572 3093 1959 3173 Episcopum
2003 3093 2080 3153 de
2121 3092 2466 3173 preloqutis
2505 3093 2782 3172 negociis

315 3199 479 3260 inter
520 3219 646 3271 eoa,
690 3200 855 3278 quod
896 3199 1030 3259 fieri
1072 3200 1303 3278 poterit
1346 3200 1412 3259 in
1454 3200 1778 3279 presencia
1834 3199 2229 3260 Precentoris
2272 3199 2774 3271 Herefordensis‚

316 3305 422 3384 qui
481 3305 734 3366 habebit
792 3305 871 3364 ad
926 3306 1046 3365 hoc
1102 3305 1455 3365 faciendum
1511 3306 1764 3385 plenam
1821 3306 2120 3385 Episcopi
2176 3311 2576 3385 potestatem,
2628 3307 2779 3366 dum

318 3415 530 3470 tamen
591 3415 809 3470 caveat
870 3409 1076 3470 dictus
1140 3409 1192 3469 A
1212 3411 1401 3488 [dam]
1469 3410 1545 3470 de
1608 3431 1796 3472 onere
1859 3411 2251 3490 agnoscendo
2321 3411 2634 3490 prebende
2704 3411 2781 3472 de

314 3519 637 3588 Prestone,
682 3518 748 3577 in
806 3517 1006 3579 forma
1066 3518 1184 3578 sibi
1244 3518 1397 3578 alias
1456 3519 1686 3579 tradita
1747 3524 1811 3578 et
1871 3524 2140 3578 ostensa.
2243 3518 2411 3578 Item
2461 3518 2626 3597 quod
2668 3539 2783 3598 per

315 3623 583 3683 eundem
631 3622 1001 3703 magistrum
1044 3624 1101 3682 R
1121 3626 1421 3704 [ogerum]
1488 3625 1811 3685 ordinetur
1852 3625 2018 3705 quod
2060 3625 2301 3684 fructus
2343 3625 2657 3703 porcionis
2703 3624 2781 3685 de

315 3728 643 3807 Ledebury
684 3749 795 3809 per
842 3729 1141 3789 ballivum
1197 3731 1496 3809 Episcopi
1551 3731 1926 3810 colligantur
1942 3750 1957 3801 ;
2019 3737 2082 3790 et
2143 3730 2364 3790 eodem
2421 3731 2607 3792 modo
2665 3730 2777 3791 fiat

314 3834 389 3894 de
444 3834 749 3895 fructibus
806 3841 869 3896 et
924 3836 1329 3915 proventibus
1379 3835 1958 3906 Archidiaconatus‚
2009 3835 2132 3896 nisi
2180 3855 2294 3915 per
2341 3837 2580 3896 dictum
2630 3837 2776 3896 Pre-

312 3946 631 4002 centorem
673 3942 859 4012 aliud,
902 3948 973 4002 ut
1016 3962 1204 4022 supra
1246 3949 1487 4003 tactum
1528 3949 1643 4013 est,
1688 3942 1876 4003 fuerit
1919 3943 2294 4003 ordinatum.
2402 3941 2569 4002 Item
2612 3942 2781 4020 quod

310 4046 561 4125 justicia
588 4046 698 4108 fiat
726 4047 928 4107 Priori
950 4048 1303 4127 Hospitalis
1332 4049 1409 4108 de
1432 4048 1762 4126 Ledebury
1791 4053 2100 4127 quantum
2128 4048 2207 4106 ad
2232 4047 2776 4126 presentacionem

311 4153 569 4213 ecclesie
626 4153 703 4213 de
763 4152 1041 4233 Capeles.
1146 4153 1312 4214 Item
1372 4153 1539 4233 quod
1596 4154 1802 4214 dictus
1862 4155 1920 4212 R
1939 4155 2207 4232 [ogerus]
2270 4152 2477 4212 tradat
2524 4170 2772 4230 posses-

312 4259 551 4320 sionem
606 4259 921 4338 prebende
976 4260 1053 4320 de
1115 4261 1418 4320 Prestone
1482 4260 1751 4320 Ricardo
1815 4259 1891 4319 de
1955 4257 2320 4337 Glehongre,
2379 4258 2602 4318 saltem
2658 4277 2775 4336 pro

312 4365 653 4426 redditibus
712 4370 775 4426 et
835 4364 1138 4426 fructibus
1196 4366 1707 4445 autumpnalibus
1764 4365 2145 4444 colligendis,
2196 4364 2273 4424 de
2335 4363 2561 4443 quibus
2616 4362 2776 4424 bene

311 4471 713 4531 ordinabitur.
826 4472 992 4532 Item
1063 4472 1117 4532 si
1186 4472 1413 4533 eleccio
1479 4471 1714 4532 Prioris
1785 4471 1863 4531 de
1928 4469 2276 4548 Chirebury
2333 4469 2774 4549 quoquomodo

312 4577 393 4636 sit
454 4576 705 4648 viciose„
748 4577 847 4638 vel
904 4597 1273 4657 quecunque
1328 4577 1439 4638 fiat
1494 4577 1860 4657 postulaciO,
1922 4577 2322 4655 provideatur
2392 4574 2468 4635 de
2527 4574 2785 4635 domino

313 4681 351 4741 J
354 4681 619 4752 ohanne,
664 4681 1001 4761 Capellano
1041 4688 1276 4743 nostro.
1361 4683 1527 4743 Item
1570 4683 1739 4763 quod
1779 4682 1944 4743 bona
1985 4681 2289 4742 securitas
2332 4680 2616 4759 capiatur
2653 4700 2771 4759 pro

316 4787 639 4866 maritagio
692 4786 733 4846 J
736 4785 911 4847 acobi
968 4788 1045 4848 de
1100 4789 1262 4848 Poer
1316 4793 1379 4848 et
1434 4787 1545 4848 fiat
1600 4788 1886 4848 vendicio
1941 4787 2224 4866 ejusdem
2279 4806 2393 4865 pro
2449 4785 2773 4865 sexaginta

316 4893 539 4953 marcis
588 4912 731 4952 cum
779 4893 1021 4964 warda;
1080 4893 1269 4955 salvis
1317 4893 1621 4955 fructibus
1672 4894 2183 4973 autumpnalibus
2232 4898 2296 4953 et
2345 4892 2483 4952 aliis
2532 4890 2774 4951 mobili-
