3459 5617
1184 469 1485 551 Episcopi
1538 471 2021 552 Hercfordensis.
2719 482 2837 544 127

368 697 440 749 ut
485 690 980 770 hospitalitatem
1025 713 1102 753 ex
1158 694 1249 754 eis
1291 714 1565 774 nequeas
1607 704 1952 770 excercere,
1997 699 2123 760 tuis
2179 702 2467 779 precibus
2522 704 2831 776 inclinati,

364 797 740 858 auctoritate
789 798 901 858 tibi
950 801 1340 878 presencium
1392 801 1791 880 indulgemus
1847 809 1916 864 ut
1966 805 2151 865 liceat
2200 806 2313 865 tibi
2362 807 2440 867 de
2497 808 2829 887 Ledebury

363 908 429 961 et
501 902 579 962 de
661 903 990 982 Bosebury
1057 905 1355 967 ecclesias
1424 913 1532 967 tue
1602 907 1889 982 diocesis,
1961 910 2025 969 in
2096 911 2323 989 quibus
2400 913 2501 991 jus
2581 915 2831 993 optines

364 1014 760 1084 patronatus,
801 1009 878 1070 ad
923 1009 1330 1071 collacionem
1372 1018 1568 1083 tuam,
1618 1022 1686 1072 ut
1744 1014 1993 1088 asseris,
2037 1017 2225 1095 pleno
2265 1017 2402 1095 jure
2445 1026 2825 1097 spectantes,

360 1110 426 1171 in
478 1132 630 1175 usus
677 1120 959 1194 proprios
1015 1136 1159 1176 cum
1202 1119 1560 1179 vacaverint
1615 1120 1905 1181 retinere.
2014 1122 2119 1183 Ita
2160 1128 2373 1183 tamen
2414 1126 2581 1205 quod
2624 1126 2689 1185 in
2735 1128 2827 1188 eis

362 1217 558 1280 facias
617 1240 729 1299 per
786 1222 1064 1299 ydoneos
1123 1222 1386 1285 vicarios
1443 1224 1761 1296 deserviri,
1826 1235 1889 1288 et
1958 1228 2049 1288 eis
2118 1247 2195 1289 ex
2256 1231 2619 1290 earumdem
2682 1252 2820 1309 pro·

361 1327 654 1389 ventibus
694 1329 1051 1406 porcionem
1095 1349 1435 1408 congruam
1485 1333 1809 1411 assignari,
1854 1354 1931 1394 ex
1985 1354 2111 1415 qua
2166 1336 2425 1395 comode
2482 1338 2827 1398 sustentari

361 1433 617 1493 valeant
659 1454 732 1494 ac
775 1434 1270 1513 hospitalitatem
1313 1446 1378 1496 et
1419 1438 1544 1498 alia
1583 1438 1867 1499 Ecclesie
1910 1458 2101 1500 onera
2155 1450 2545 1520 supportare.
2649 1442 2830 1502 Nulli

359 1538 548 1616 igitur
626 1540 883 1599 omnino
963 1540 1204 1600 homini
1266 1541 1453 1601 liceat
1523 1541 1688 1601 hanc
1756 1544 2050 1621 paginam
2122 1552 2334 1604 nostre
2402 1545 2825 1606 concessionis

359 1644 693 1723 infringere
753 1645 846 1705 vel
903 1645 960 1705 ei
1017 1666 1174 1705 ausu
1231 1646 1562 1707 temerario
1631 1648 1961 1708 contraire.
2077 1648 2143 1709 Si
2206 1650 2347 1730 quis
2417 1658 2630 1710 autem
2704 1652 2823 1711 hoc

359 1758 738 1830 attemptare
819 1754 1287 1831 presumpserit,
1371 1754 1873 1831 indignacionem
1975 1755 2444 1835 Omnipotentis
2544 1756 2661 1817 Dei
2758 1764 2823 1817 et

358 1859 697 1919 Beatorum
743 1858 916 1918 Petri
959 1865 1022 1919 et
1064 1859 1267 1929 Pauli,
1316 1859 1757 1937 Apostolorum
1802 1860 1959 1937 ejus,
2004 1880 2072 1921 se
2117 1862 2355 1922 noverit
2396 1865 2815 1924 incursurum.

359 1965 599 2025 Datum
643 1966 963 2035 Laterani,
1005 1965 1110 2043 viij
1154 1964 1476 2025 Kalendas
1520 1965 1907 2037 DecembriS,
1954 1966 2369 2027 Pontificatus
2408 1970 2607 2028 nostri
2651 1987 2822 2029 anno

360 2091 580 2151 primo.

354 2316 508 2393 July
553 2315 1032 2375 20.--Mandate
1077 2321 1136 2375 to
1187 2316 1284 2375 the
1341 2315 1520 2375 Dcan
1574 2316 1644 2392 of
1695 2314 2076 2393 Archcnfield
2133 2323 2192 2376 to
2246 2316 2362 2376 cite
2424 2317 2682 2378 Thomas
2738 2318 2812 2379 dc

600 2402 690 2457 St.
741 2397 956 2467 Gilles,
999 2396 1225 2474 calbinq
1269 2396 1518 2472 himself
1550 2396 1776 2456 Rector
1814 2400 1887 2471 of
1932 2396 2183 2468 Tretire,
2232 2404 2290 2457 to
2330 2417 2567 2458 answer
2609 2406 2668 2459 to
2714 2399 2811 2459 tho

595 2478 814 2555 charqc
868 2478 939 2554 of
976 2478 1286 2556 plurality
1343 2480 1416 2553 os
1462 2476 1762 2555 beneficas.

511 2623 776 2683 CITAGIO
834 2622 1163 2683 MAo1sru1
1218 2623 1454 2682 'Inous
1511 2640 1598 2682 na
1658 2622 1912 2683 Sum-ro
1969 2623 2614 2698 Eo1n1o.—'I'homas,
2662 2634 2811 2698 etc.,

351 2730 607 2791 Decano
677 2728 754 2789 de
816 2728 1196 2789 Irchenfield
1253 2729 1545 2800 salutem,
1609 2735 1751 2800 etc„
1819 2729 1978 2789 Cum
2049 2729 2344 2807 magister
2405 2731 2679 2791 Thomas
2736 2731 2816 2792 de

352 2836 584 2897 Sancto
651 2834 898 2915 Egidio,
972 2854 1195 2913 gerens
1263 2854 1330 2894 se
1397 2852 1510 2913 pro
1578 2840 1819 2895 rectore
1888 2834 2148 2895 ecclesie
2222 2835 2299 2895 de
2384 2835 2579 2907 Betir,
2654 2836 2813 2897 alias

53 2961 115 3004 οι.
147 2964 254 3004 3712.
341 2950 605 3003 vocatus
673 2939 896 3001 fuisset
963 2947 1330 3000 ostensurus
1398 2960 1524 3019 quo
1591 2941 1728 3019 jure
1791 2940 1973 3018 plura
2035 2940 2338 3001 beneficia
2399 2960 2615 3001 curam
2679 2942 2812 3001 ani-

342 3068 589 3108 marum
645 3048 956 3108 habencia
1010 3046 1326 3117 retineret,
1370 3066 1486 3106 nec
1543 3046 1606 3105 id
1655 3046 1963 3107 hactenus
2004 3046 2208 3107 facere
2251 3048 2581 3119 curaverit,
2626 3049 2805 3110 vobis

339 3154 604 3214 firmiter
683 3152 1068 3231 injungendo
1149 3151 1529 3211 mandamus
1613 3152 1915 3230 quatinus
1995 3151 2345 3229 predictum
2428 3153 2803 3229 magistrum

338 3260 649 3319 Thomam
718 3258 1136 3338 peremptorie
1204 3258 1410 3317 citetis
1493 3258 1659 3337 quod
1729 3266 2092 3336 compareat
2162 3276 2373 3317 coram
2443 3257 2645 3329 nobis,
2706 3258 2808 3319 vel

339 3366 786 3425 commissariis
842 3364 1092 3435 nostris,
1138 3364 1238 3423 die
1292 3364 1470 3424 Jovis
1526 3364 1811 3441 proximo
1868 3371 2018 3423 ante
2060 3364 2321 3423 Festum
2370 3364 2587 3423 Sancti
2637 3363 2809 3423 Petri

338 3471 418 3531 ad
457 3471 746 3541 Vincula,
792 3470 1165 3549 ubicunque,
1210 3476 1334 3531 etc.
1434 3468 1598 3543 Quid
1655 3477 1873 3529 autem
1929 3488 2116 3546 super
2171 3469 2291 3529 hiis
2332 3468 2622 3541 feceritis,
2675 3477 2798 3529 etc.

337 3577 638 3638 Valeatis.
747 3578 987 3637 Datum
1036 3576 1199 3654 apud
1261 3576 1537 3653 Sugwas,
1585 3575 1690 3654 xiij
1745 3575 2070 3635 Kalendas
2126 3574 2413 3654 Augusti,
2463 3575 2802 3635 Consecra-

336 3684 534 3744 cionis
576 3695 788 3743 nostre
832 3701 1000 3743 anno
1041 3682 1335 3742 secund0.

332 3930 488 4007 Juzy
546 3928 810 3989 16‚—At
869 3928 966 3988 the
1019 3927 1295 3987 instance
1350 3925 1420 4003 of
1471 3924 1730 3984 Thomas
1786 3922 1859 3982 dc
1914 3922 2289 4001 Inqeltlwrp,
2340 3922 2521 3982 Dean
2574 3922 2644 3998 of
2696 3922 2791 3982 St.

576 4010 810 4080 Paul’s,
863 4008 1136 4079 London,
1186 4006 1628 4085 sequestratim
1671 4005 1742 4081 of
1778 4004 1875 4063 the
1920 4003 2101 4063 tithcs
2145 4004 2212 4080 os
2248 4002 2631 4081 Ooddinqton
2661 4021 2789 4063 was

573 4090 842 4151 released
896 4089 994 4149 till
1050 4086 1470 4148 Michaelmas.

494 4235 1468 4301 Ko'rmrons.—Memorandum
1498 4234 1664 4313 quod
1695 4233 1797 4293 die
1829 4232 1868 4293 J
1872 4233 2005 4292 ovis
2038 4232 2323 4311 proximo
2357 4242 2503 4291 ante
2532 4231 2795 4291 Festum

325 4348 530 4407 Beate
573 4346 949 4423 Margarete,
994 4363 1160 4404 anno
1198 4342 1500 4421 predictO,
1545 4340 1624 4399 ad
1665 4339 2043 4398 instanciam
2095 4336 2378 4415 magistri
2425 4336 2667 4397 Thome
2710 4336 2791 4397 de

327 4454 716 4533 Ingelthorp,
778 4452 1018 4512 Decani
1081 4448 1561 4518 Londoniensis,
1621 4446 1771 4505 fecit
1833 4444 2143 4504 Dominus
2204 4443 2479 4521 graciam
2536 4441 2790 4503 Rectori

325 4560 586 4621 ecclesie
644 4560 721 4619 de
781 4558 1146 4627 Kotintone‚
1206 4552 1699 4615 continuandam
1758 4571 1797 4611 a
1852 4550 2021 4610 dicto
2064 4549 2164 4610 die
2216 4549 2257 4609 J
2262 4548 2395 4610 ovis
2450 4568 2648 4629 usque
2708 4547 2792 4609 ad

325 4666 586 4727 Festum
633 4664 848 4726 Sancti
891 4662 1221 4723 Michaelis
1261 4660 1546 4739 proximo
1588 4668 1943 4717 venturum.
2048 4656 2133 4716 Et
2174 4654 2254 4715 ob
2297 4655 2414 4715 hoc
2456 4656 2793 4716 mandetur

325 4772 556 4833 ballivo
622 4770 701 4831 de
769 4769 1096 4846 Bosebury
1171 4766 1336 4846 quod
1405 4766 1652 4825 interim
1725 4782 1853 4822 non
1922 4761 2211 4840 paciatur
2279 4758 2521 4821 fructus
2590 4761 2789 4839 ipsius

325 4876 584 4939 ecclesie
641 4894 904 4955 usquam
962 4872 1228 4933 distrahi
1283 4890 1394 4950 per
1448 4868 1762 4948 prefatum
1820 4867 2173 4927 Rectorem.
