3459 5617
628 521 749 581 296
1292 520 1649 599 Reqistrum
1707 521 1928 581 Thome
1982 520 2056 581 de
2113 519 2444 599 Cantibupo

632 770 785 848 May
837 770 1101 831 7.—The
1140 769 1428 849 Bishop’s
1456 769 1681 848 official
1709 769 1820 829 has
1861 768 2168 849 deposited
2209 767 2281 828 in
2310 768 2407 828 the
2452 768 2754 845 Treasury
2795 773 2864 827 αι
2905 766 3100 827 Here-

865 850 1017 930 ford
1064 854 1220 922 ³640,
1267 850 1365 911 the
1410 850 1651 911 residue
1698 850 1770 929 os
1811 849 1909 909 the
1956 848 2230 926 subsffly,
2272 869 2341 909 as
2389 869 2468 908 no
2507 848 2685 927 place
2725 847 2797 906 in
2837 846 3106 907 London

875 951 1001 991 was
1044 930 1359 991 indicated
1400 930 1471 990 in
1514 930 1610 992 his
1652 929 2074 991 instructions.
2161 930 2285 990 The
2325 928 2521 989 Abbot
2560 930 2630 1009 of
2662 927 2952 1006 Readinq
2986 927 3100 989 has

875 1012 1130 1091 deposed
1194 1012 1290 1072 the
1348 1010 1535 1071 Prior
1591 1011 1660 1090 of
1707 1010 2089 1071 Leominster
2135 1010 2262 1071 and
2313 1016 2446 1070 sent
2495 1009 2626 1069 him
2671 1028 2867 1086 away.
2973 1008 3101 1069 The

870 1100 1159 1171 property
1209 1093 1279 1171 os
1322 1092 1420 1152 the
1467 1091 1692 1169 Priory
1745 1092 1854 1152 has
1907 1092 2047 1152 been
2091 1090 2520 1169 sequestrated,
2568 1089 2696 1150 and
2752 1088 2852 1149 the
2899 1088 3098 1149 Abbot

878 1173 949 1252 os
973 1173 1258 1251 Readinq
1307 1173 1468 1234 cited
1512 1180 1569 1233 ιο
1610 1172 1745 1251 qive
1772 1171 2046 1233 evidence
2083 1192 2163 1232 on
2201 1171 2346 1232 οαιῙι
2386 1192 2456 1231 as
2501 1177 2560 1231 ιο
2604 1170 2700 1230 the
2746 1169 2996 1231 Ghurch
3036 1170 3110 1249 of

876 1254 1028 1331 Eye,
1074 1254 1203 1315 and
1273 1274 1343 1314 as
1402 1261 1459 1315 ιο
1525 1254 1622 1314 the
1684 1252 1901 1331 chao-qe
1969 1254 2040 1333 of
2089 1251 2316 1331 having]
2382 1251 2591 1313 raised
2668 1250 2766 1311 the
2844 1257 3099 1311 amount

878 1335 1123 1395 exacted
1179 1335 1349 1414 from
1438 1334 1535 1395 the
1610 1334 1854 1411 Priory,
1926 1340 2210 1411 contrary
2288 1340 2346 1393 to
2414 1332 2512 1393 the
2585 1351 2810 1392 canons
2867 1332 2939 1411 of
3002 1330 3102 1391 the

877 1415 1155 1475 Later-an
1215 1414 1489 1477 Gouncil.
1593 1415 1693 1476 He
1759 1422 1990 1494 reporta·
2055 1414 2152 1475 the
2214 1412 2470 1493 opinion
2521 1413 2593 1492 of
2639 1432 2796 1473 some
2855 1412 2991 1473 that
3043 1411 3102 1471 it

877 1496 1079 1556 would
1129 1496 1196 1557 be
1242 1516 1404 1557 more
1460 1503 1518 1556 ιο
1569 1496 1666 1555 the
1713 1495 2001 1575 Bishop’s
2043 1494 2293 1555 interest
2333 1494 2460 1555 and
2501 1493 2694 1554 credit
2745 1499 2803 1553 to
2845 1500 2986 1570 stay
3028 1491 3102 1552 in

875 1560 1173 1655 Enqla‘nd
1214 1576 1365 1637 than
1404 1576 1475 1636 in
1513 1576 1769 1637 France.

794 1733 1069 1792 Domino
1118 1752 1233 1793 suo
1276 1752 1427 1792 suus
1472 1732 1735 1792 clericus
1777 1737 1841 1791 et
1883 1732 2168 1791 minister
2209 1731 2272 1791 id
2313 1731 2630 1790 modicum
2672 1730 2842 1811 quod
2883 1735 3096 1807 potest

629 1829 931 1910 obsequii,
990 1850 1130 1889 cum
1190 1830 1567 1890 omnimodis
1622 1828 2005 1900 obediencia,
2063 1829 2436 1899 reverencia,
2497 1839 2561 1887 et
2617 1827 2876 1887 honore.
2999 1826 3098 1887 De

630 1928 883 1987 residuo
942 1926 1204 1988 subsidii
1273 1927 1473 1987 nostri
1542 1927 1828 1999 levand0,
1894 1927 1970 1986 de
2033 1946 2158 2006 quo
2229 1926 2418 1985 michi
2483 1926 2679 1986 semel
2740 1930 2803 1984 et
2863 1924 3098 1984 iterum

633 2024 1087 2097 demandastiS,
1131 2035 1439 2103 quantum
1496 2023 1847 2083 districcius
1904 2024 2080 2101 potui
2137 2022 2382 2101 injunxi
2439 2022 2742 2100 magistro
2799 2020 3098 2091 RicardO,

632 2128 698 2181 et
754 2121 1173 2201 quadraginta
1227 2121 1416 2181 libras
1470 2140 1629 2199 quas
1684 2120 1833 2180 fecit
1890 2120 2083 2181 levari
2146 2130 2498 2199 portassem
2549 2128 2613 2177 et
2661 2117 3097 2196 deposuissem

634 2218 1000 2289 Londoniis,
1047 2218 1099 2278 si
1143 2218 1349 2278 locum
1393 2217 1747 2296 deponendi
1791 2217 2272 2295 specificassetis
2313 2216 2378 2276 in
2421 2216 2650 2276 litteris
2692 2234 2852 2295 quas
2905 2215 3100 2274 michi

634 2316 933 2385 misistis;
986 2328 1049 2375 et
1098 2316 1239 2375 ideo
1288 2335 1394 2375 eas
1444 2314 1725 2392 signatas
1768 2315 2028 2393 deposui
2076 2315 2140 2373 in
2185 2314 2602 2373 Thesauraria
2645 2312 3100 2373 Herefordensi

636 2432 965 2495 quousque
1010 2412 1467 2491 beneplacitum
1508 2419 1786 2473 vestrum
1834 2431 2020 2491 super
2062 2411 2282 2471 eodem
2341 2411 2532 2471 michi
2575 2411 2823 2490 plenius
2868 2409 3098 2470 scribe-

636 2511 809 2571 retis.
906 2510 1001 2570 Ad
1044 2511 1182 2582 hec,
1226 2509 1435 2570 Abbas
1483 2510 1790 2587 Radingie
1837 2510 2115 2570 Priorem
2159 2508 2600 2569 Leoministrie
2640 2508 2982 2577 revocavit,
3031 2514 3100 2567 et

634 2608 863 2687 ipsum,
911 2608 1030 2667 sub
1086 2627 1249 2686 pena
1306 2608 2001 2677 excommunicacionis,
2044 2626 2124 2666 ne
2178 2606 2409 2666 rediret
2467 2605 2550 2665 ad
2598 2624 2786 2665 suum
2839 2605 3100 2664 Monas-

634 2707 881 2776 terium,
954 2705 1019 2764 in
1093 2703 1373 2765 Scociam
1445 2704 1535 2764 ire
1604 2705 1827 2782 coegit.
1941 2704 2078 2781 Ego
2145 2722 2292 2764 vero
2363 2702 2735 2763 mandatum
2805 2712 3102 2762 nostrum

636 2803 1101 2873 litteratorium,
1154 2802 1413 2862 Decano
1462 2802 1581 2861 loci
1644 2802 1969 2871 directum,
2010 2820 2178 2861 anno
2225 2800 2526 2880 preterito
2599 2846 2612 2858 .
2687 2844 2702 2858 .
2777 2846 2792 2859 .
2872 2801 2911 2859 .¹
2953 2818 3100 2859 cum

635 2899 863 2959 effectu
919 2899 1129 2959 omnia
1186 2898 1349 2958 bona
1406 2898 1758 2976 spiritualia
1812 2898 2096 2976 ejusdem
2153 2898 2376 2959 domus
2433 2897 2497 2956 in
2554 2916 2781 2957 manus
2845 2904 3101 2957 nostras

635 2997 867 3075 accepi,
927 3002 991 3056 et
1051 2996 1329 3055 Priorem
1391 2995 1468 3055 de
1526 3014 1688 3056 novo
1746 2995 2029 3067 missum,
2091 3002 2233 3074 post
2290 2994 2627 3054 canonicas
2687 2993 3097 3065 monicioneS,

637 3100 942 3173 tanquam
1000 3093 1373 3153 intrusorem
1437 3091 1673 3171 absque
1732 3092 2035 3153 canonica
2091 3092 2494 3163 admissione,
2553 3091 2671 3151 feci
2727 3090 3102 3150 denunciari

636 3190 1285 3261 excommunicatum;
1347 3182 1658 3250 Abbatem
1714 3197 1779 3250 et
1835 3189 2232 3250 Conventum
2290 3188 2604 3267 predictos
2646 3188 2920 3249 citantes
2961 3208 3099 3267 per-

634 3287 937 3366 emptorie
1006 3288 1173 3367 quod
1242 3307 1431 3366 super
1499 3288 1764 3347 ecclesia
1833 3286 1911 3347 de
1974 3287 2112 3365 Eye
2175 3306 2385 3347 coram
2448 3285 2627 3345 nobis
2690 3285 2756 3344 in
2821 3286 3102 3346 crastino

634 3384 836 3444 Beate
880 3384 1201 3445 Trinitatis
1244 3383 1587 3445 secundum
1634 3390 1945 3444 retroacta
1985 3384 2337 3463 processuri
2366 3382 2672 3443 venirent.
2771 3382 3102 3443 Preiatum

634 3482 944 3562 siquidem
990 3481 1299 3541 Abbatem
1343 3482 1537 3541 citavi
1577 3482 1992 3559 peremptorie
2034 3481 2199 3560 quod
2243 3481 2480 3541 eisdem
2523 3480 2622 3540 die
2663 3489 2728 3539 et
2775 3479 2915 3539 loco
2963 3499 3098 3558 per-

634 3579 934 3640 sonaliter
976 3598 1188 3639 coram
1232 3578 1410 3638 nobis
1453 3588 1834 3657 compareat,
1878 3598 1988 3657 per
2029 3598 2212 3639 suum
2256 3584 2716 3638 sacramentum
2762 3577 3098 3637 veritatem

633 3676 917 3737 dicturus
975 3677 1029 3735 si
1085 3676 1414 3755 antiquum
1476 3695 1734 3735 censum
1793 3676 2114 3735 Prioratus
2173 3675 2616 3735 Leoministrie
2671 3674 2921 3734 auxerit
2975 3674 3098 3734 isto

636 3792 807 3833 anno
849 3781 1071 3834 contra
1114 3772 1460 3834 Concilium
1506 3772 1918 3843 Latranense,
1962 3778 2148 3851 prout
2193 3772 2272 3832 ab
2313 3771 2605 3833 omnibus
2643 3772 3092 3850 proclamatur.

637 3871 778 3931 Alia
822 3869 997 3930 vobis
1040 3869 1349 3929 relacione
1391 3869 1578 3948 digna
1634 3869 1714 3929 ad
1757 3889 2016 3949 presens
2057 3869 2326 3930 scribere
2366 3869 2598 3941 nesci0,
2642 3869 2764 3929 nisi
2807 3868 2978 3950 quod
3018 3868 3098 3927 ab

637 3966 948 4048 aliquibus
1011 3966 1238 4027 dicitur
1286 3967 1450 4048 quod
1502 3966 1702 4026 honor
1773 3973 1836 4026 et
1891 3967 2224 4027 comodum
2296 3977 2574 4027 vestrum
2653 3977 2822 4026 esset
2881 3966 3098 4044 pocius

634 4065 865 4125 morari
936 4066 999 4123 in
1070 4064 1293 4142 Anglia
1360 4083 1551 4143 quam
1631 4064 1695 4122 in
1778 4084 1968 4142 regno
2037 4064 2441 4126 Francorum.
2552 4063 2729 4123 Bene
2808 4063 3093 4125 valeatiS.

637 4162 879 4223 Datum
922 4161 1267 4221 Londoniis
1309 4160 1410 4221 die
1453 4161 1639 4221 Beati
1680 4160 1992 4222 Johannis
2034 4161 2112 4221 de
2153 4161 2514 4221 BeverlacO.

646 4425 927 4486 William
978 4425 1052 4485 de
1104 4424 1448 4504 Cantilupe,
1491 4446 1560 4485 as
1602 4426 1858 4486 Proctor
1885 4426 1994 4505 sor
2035 4426 2132 4487 the
2173 4425 2426 4506 Bishop,
2457 4426 2755 4505 sor-mally
2797 4425 3014 4487 chime
3055 4446 3094 4487 a

880 4525 1095 4566 maner
1148 4512 1215 4566 αι
1274 4506 1635 4576 Οὴατοπιοη,
1680 4506 1902 4585 bouqht
1959 4506 2034 4585 by
2090 4506 2326 4585 Bishop
2365 4507 2544 4567 Peter
2582 4506 2657 4567 de
2696 4508 3095 4585 Aquablanoa

881 4594 987 4647 out
1027 4587 1098 4666 of
1119 4586 1336 4666 funde,
1380 4606 1449 4646 as
1492 4586 1547 4647 is
1590 4586 1838 4664 alleqed,
1881 4586 2083 4648 which
2123 4588 2404 4666 belonqed
2447 4595 2504 4648 ιο
2549 4587 2646 4648 the
2689 4588 2816 4648 See.

800 4744 959 4805 Cum
987 4743 1379 4815 Venerabilis
1416 4744 1622 4813 Pater,
1655 4745 1707 4803 P
1727 4746 1946 4822 [etrus]
1977 4744 2055 4803 de
2093 4748 2263 4823 Aqua
2293 4743 2552 4815 Blanca,
2583 4742 2745 4803 bone
2775 4746 3088 4813 memorie,

635 4841 955 4923 quondam
1021 4840 1502 4901 Herefordensis
1548 4841 1830 4901 Ecclesie
1891 4842 1956 4900 in
2020 4841 2243 4919 Anglia
2303 4840 2676 4918 Episcopus,
2741 4842 3090 4901 manerium

1722 4958 2016 5006 1—luegible.
