3459 5617
677 472 761 531 90
1342 471 1698 552 Reqistrwn
1756 473 1976 534 Thema
2029 473 2103 534 dc
2160 472 2491 552 Cantibupo

677 696 914 756 dictam
1005 700 1235 757 terram
1326 718 1470 757 cum
1559 697 1851 758 omnibus
1933 697 2345 777 'pertinenciis
2442 696 2699 769 salvare,
2790 696 3142 767 defendere,

679 808 1105 874 manutenere,
1156 809 1220 864 et
1279 804 1685 866 warentizare
1744 810 1964 865 contra
2022 824 2259 874 omnes,
2310 823 2510 883 usque
2572 803 2653 863 ad
2714 802 2955 863 dictum
3018 808 3140 863 ter-

675 910 938 967 minum.
1040 910 1162 970 Pro
1211 910 1330 969 hac
1379 916 1592 971 autem
1643 909 1985 970 tradicione
2035 915 2099 971 et
2147 909 2531 989 obligacione
2574 910 2890 970 mutuavit
2938 909 3143 970 eidem

677 1013 948 1075 Radulfo
1004 1014 1210 1075 dictus
1264 1015 1578 1075 Dominus
1635 1014 1989 1093 Episcopus
2059 1013 2471 1094 quadraginta
2540 1014 2773 1075 solidos
2835 1012 3145 1073 bonorum

675 1124 744 1179 et
801 1119 1092 1198 legalium
1150 1120 1591 1200 sterlingorum
1654 1140 1766 1200 pre
1828 1120 2157 1191 manibus;
2221 1140 2379 1200 quos
2434 1120 2848 1200 quadraginta
2910 1120 3144 1182 solidos

675 1226 883 1286 dictus
953 1226 1259 1287 Radulfus
1329 1227 1427 1288 vel
1495 1226 1757 1287 heredes
1828 1226 1925 1287 sui
2009 1226 2238 1287 debent
2321 1226 2561 1287 solvere
2630 1226 2730 1287 vel
2810 1226 3145 1287 restituere

675 1330 848 1391 dicto
898 1331 1171 1392 Domino
1213 1331 1547 1411 EpiscopO,
1577 1332 1676 1393 vel
1719 1332 2053 1411 assignatis
2097 1331 2247 1403 suis,
2283 1332 2349 1391 in
2390 1331 2517 1393 fine
2558 1332 2812 1393 termini
2854 1332 3144 1411 superius

677 1438 1004 1507 nominati,
1067 1437 1167 1498 vel
1236 1444 1384 1499 ante
1451 1439 1802 1518 predictum
1872 1439 2212 1499 terminum
2282 1439 2337 1499 si
2407 1438 2613 1499 dictus
2682 1438 2993 1499 Radulsus
3062 1439 3146 1501 sit

674 1548 903 1622 'potens
973 1545 1050 1604 de
1118 1545 1530 1625 quadraginta
1599 1546 1816 1607 solidis
1884 1545 2004 1606 sibi
2074 1545 2406 1606 solvendis.
2518 1546 2606 1606 Et
2688 1546 2847 1606 bene
2930 1545 3143 1606 licebit

678 1649 847 1710 dicto
895 1650 1182 1722 Radulfo,
1226 1651 1326 1712 vel
1374 1651 1706 1713 heredibus
1758 1652 1907 1723 suis,
1958 1651 2277 1713 solucione
2332 1652 2744 1731 quadraginta
2798 1651 3144 1713 solidorum

674 1756 861 1827 facta,
912 1756 1146 1817 intrare
1206 1757 1272 1816 in
1329 1762 1497 1819 terra
1556 1778 1670 1818 sua
1727 1759 1865 1819 sine
1926 1758 2135 1837 aliquo
2197 1757 2668 1837 impedimento,
2720 1757 2913 1818 salvis
2976 1758 3145 1818 dicto

677 1860 1012 1941 Episcop0,
1084 1867 1149 1922 et
1217 1863 1551 1924 heredibus
1620 1863 1721 1924 vel
1788 1862 2123 1942 assignatis
2194 1863 2345 1933 suis,
2409 1862 2715 1923 fructibus
2786 1864 2919 1923 suis
2988 1870 3143 1924 tune

671 1967 1068 2029 exstantibus
1124 1969 1190 2028 in
1247 1974 1412 2029 terra
1466 1970 1764 2049 predicta,
1809 1976 1873 2030 et
1928 1969 2067 2030 aliis
2122 1969 2425 2049 impensis
2480 1989 2637 2050 quas
2698 1970 2917 2030 fecerit
2980 1970 3145 2031 circa

679 2072 1180 2135 melioracionem
1222 2074 1504 2153 ejusdem
1545 2080 1727 2136 terre.
1826 2076 1892 2137 Si
1933 2096 2081 2137 vero
2122 2076 2328 2137 dictus
2377 2075 2685 2136 Radulfus
2726 2076 2826 2137 vel
2881 2076 3144 2137 heredes

674 2178 774 2239 sui
831 2178 995 2239 infra
1049 2180 1388 2241 terminum
1446 2182 1878 2261 supradictum
1936 2181 2168 2241 dictam
2230 2182 2615 2243 solucionem
2678 2202 2806 2242 non
2861 2182 3145 2253 fecerint,

677 2283 917 2344 tenebit
959 2285 1164 2346 dictus
1206 2286 1521 2347 Dominus
1563 2286 1936 2367 Episcopus,
1979 2287 2078 2349 vel
2120 2286 2421 2367 assignati
2470 2287 2587 2358 sui,
2631 2287 2863 2347 dictam
2908 2292 3143 2347 terram

678 2410 822 2450 cum
877 2391 1170 2452 omnibus
1224 2392 1630 2471 pertinenciis
1685 2393 1818 2453 suis
1874 2394 1951 2454 de
2000 2414 2167 2454 anno
2215 2394 2283 2452 in
2340 2414 2595 2464 annum,
2638 2413 2965 2473 quousque
3020 2392 3143 2454 sibi

673 2493 779 2565 sit,
823 2495 923 2556 vel
963 2495 1299 2575 assignatis
1348 2496 1498 2568 suis,
1541 2498 1620 2559 de
1667 2498 2079 2578 quadraginta
2135 2499 2349 2560 solidis
2398 2499 2675 2579 plenarie
2724 2498 3143 2571 satisfactum,

673 2606 742 2661 et
783 2602 860 2662 de
901 2602 1207 2664 fructibus
1248 2609 1313 2664 et
1353 2604 1642 2683 expensis
1685 2604 1835 2675 suis,
1866 2610 1939 2665 ut
1979 2604 2329 2684 predictum
2372 2611 2489 2667 est.
2574 2604 2883 2666 Allocabit
2926 2612 3143 2667 autem

674 2706 882 2768 dictus
952 2708 1264 2769 Dominus
1333 2709 1705 2789 Episcopus,
1764 2710 1862 2771 vel
1924 2710 2225 2790 assignati
2295 2711 2411 2782 sui,
2470 2711 2639 2773 dicto
2694 2710 2985 2782 Radulfo,
3042 2712 3147 2774 vel

673 2811 1008 2873 heredibus
1065 2813 1214 2886 suis,
1259 2814 1536 2894 quolibet
1591 2836 1757 2877 anno
1814 2816 1965 2875 dum
2019 2821 2187 2877 terra
2240 2816 2431 2877 fuerit
2485 2816 2551 2876 in
2606 2836 2801 2877 manu
2857 2816 3141 2889 Domini,

677 2916 935 2996 triginta
989 2918 1146 2979 duos
1203 2918 1434 2981 solidos
1491 2920 1950 3000 sterlingorum,
2008 2922 2085 2983 de
2155 2922 2381 3001 quibus
2436 2922 2605 2982 dicta
2659 2927 2827 2982 terra
2881 2928 3147 2984 onerata

669 3026 771 3081 est
813 3021 877 3080 in
918 3022 1166 3083 redditu
1208 3023 1418 3085 debito
1459 3025 1627 3086 dicto
1673 3026 1948 3087 Domino
1996 3027 2314 3107 Episcopo
2367 3027 2446 3088 ad
2495 3032 2766 3107 quatuor
2814 3028 2969 3088 anni
3019 3034 3143 3089 ter-

673 3126 878 3188 minos
919 3128 1188 3190 usuales.
1283 3130 1528 3192 Reddet
1567 3152 1715 3193 vero
1765 3132 1971 3193 dictus
2021 3132 2333 3194 Dominus
2375 3133 2747 3213 Episcopum
2793 3134 2892 3194 vel
2950 3134 3146 3214 assig-

671 3230 805 3291 nati
849 3232 964 3305 sui,
1008 3233 1177 3294 dicto
1217 3234 1505 3307 liedulfo,
1548 3236 1648 3297 vel
1695 3235 2030 3297 heredibus
2079 3238 2227 3309 suis,
2273 3237 2432 3299 duos
2480 3236 2715 3299 solidos
2760 3244 2825 3299 et
2867 3244 3146 3318 quatuor

668 3336 961 3399 denarios
1016 3340 1342 3401 annuatim
1399 3360 1519 3420 que
1574 3342 1883 3402 excedunt
1938 3344 2277 3403 extentam¹
2340 3342 2505 3403 dicte
2561 3348 2725 3403 terre
2779 3343 2949 3403 ultra
3004 3344 3144 3405 red·

668 3441 876 3502 ditum
931 3442 1212 3503 debitum
1281 3450 1345 3506 et
1401 3452 1791 3508 consuetum.
1898 3447 1994 3507 Ad
2062 3449 2179 3509 hec
2232 3468 2381 3509 vero
2443 3448 2655 3509 omnia
2710 3449 3024 3528 premissa
3082 3456 3149 3511 et

669 3547 918 3628 singula
959 3549 1226 3611 fideliter
1265 3550 1593 3613 observare
1637 3558 1700 3614 et
1743 3553 1807 3612 in
1858 3554 2031 3615 nullo
2082 3554 2514 3616 contravenire
2564 3554 2770 3615 dictus
2822 3554 3149 3617 Dominus

671 3652 1028 3734 Episcopus
1083 3660 1148 3716 et
1195 3656 1502 3719 Radulfus
1559 3658 1706 3719 huic
1762 3658 1997 3738 scripto
2054 3659 2256 3739 sigilla
2316 3680 2447 3730 sua,
2508 3660 2589 3720 ad
2646 3659 2907 3720 modum
2967 3680 3150 3740 cyro-

665 3759 893 3838 graphi
947 3760 1134 3831 facto,
1185 3769 1611 3841 apposuerunt
1666 3763 1735 3822 in
1791 3763 2223 3825 testimonium
2279 3764 2598 3835 veritatis3
2669 3763 2793 3824 hiis
2850 3765 3148 3837 testibus,

673 3864 991 3925 Willelmo
1050 3866 1328 3945 Symond
1385 3868 1462 3928 de
1517 3868 1913 3948 Prestebury,
1958 3869 2251 3949 Philippo
2308 3870 2420 3931 des
2467 3869 2765 3940 Yvetens‚
2820 3868 3151 3931 Willelmo

670 3971 732 4032 ‚le
789 3972 964 4033 Hore
1018 3973 1095 4034 de
1159 3973 1497 4047 Chiltham,
1558 3976 1831 4055 Hugone
1886 3976 2127 4047 clerico,
2184 3976 2224 4037 J
2227 3978 2477 4038 ohanne
2534 3975 2806 4047 Andron,
2866 3976 3153 4038 Radulfo

670 4076 1052 4157 Fraunceys,
1093 4078 1134 4139 J
1136 4079 1384 4142 ohanne
1443 4081 1743 4153 Saumun,
1788 4082 2127 4161 capellan0,
2172 4082 2454 4143 Galfrido
2505 4082 2707 4161 Davy,
2752 4086 2817 4142 et
2868 4080 3152 4144 Girardo

668 4188 827 4244 tunc
868 4182 1095 4246 ballivo
1137 4186 1214 4246 de
1255 4186 1616 4267 Prestbury,
1661 4194 1726 4249 et
1768 4188 1985 4249 multis
2028 4188 2184 4249 aliis.

1614 4323 1743 4365 l-In
1769 4324 1872 4365 MS.
1898 4326 2194 4375 attentam.
