<?xml version="1.0" encoding="UTF-8"?>
<!DOCTYPE html PUBLIC "-//W3C//DTD XHTML 1.0 Transitional//EN"
    "http://www.w3.org/TR/xhtml1/DTD/xhtml1-transitional.dtd">
<html xmlns="http://www.w3.org/1999/xhtml" xml:lang="en" lang="en">
 <head>
  <title>
</title>
<meta http-equiv="Content-Type" content="text/html;charset=utf-8" />
  <meta name='ocr-system' content='tesseract 3.04.00' />
  <meta name='ocr-capabilities' content='ocr_page ocr_carea ocr_par ocr_line ocrx_word'/>
</head>
<body>
  <div class='ocr_page' id='page_1' title='image "./canterburyandyo00unkngoog_0141.png"; bbox 0 0 3459 5617; ppageno 0'>
   <div class='ocr_carea' id='block_1_1' title="bbox 673 487 2459 567">
    <p class='ocr_par' dir='ltr' id='par_1_1' title="bbox 673 487 2459 567">
     <span class='ocr_line' id='line_1_1' title="bbox 673 487 2459 567; baseline 0 -20"><span class='ocrx_word' id='word_1_1' title='bbox 673 488 754 549; x_wconf 84' lang='lat'><strong>50</strong></span> <span class='ocrx_word' id='word_1_2' title='bbox 1308 488 1663 566; x_wconf 72' lang='lat' dir='ltr'><strong>Reyistrum</strong></span> <span class='ocrx_word' id='word_1_3' title='bbox 1720 488 1941 549; x_wconf 79' lang='lat' dir='ltr'><strong>Thome</strong></span> <span class='ocrx_word' id='word_1_4' title='bbox 1994 488 2067 549; x_wconf 81' lang='lat' dir='ltr'><strong>de</strong></span> <span class='ocrx_word' id='word_1_5' title='bbox 2128 487 2459 567; x_wconf 78' lang='lat' dir='ltr'><strong>Cantilupo</strong></span> 
     </span>
    </p>
   </div>
   <div class='ocr_carea' id='block_1_2' title="bbox 669 735 3143 1012">
    <p class='ocr_par' dir='ltr' id='par_1_2' title="bbox 669 735 3143 1012">
     <span class='ocr_line' id='line_1_2' title="bbox 674 735 3143 817; baseline -0.001 -20"><span class='ocrx_word' id='word_1_6' title='bbox 674 737 930 798; x_wconf 83' lang='lat' dir='ltr'><strong>veniant</strong></span> <span class='ocrx_word' id='word_1_7' title='bbox 984 738 1082 797; x_wconf 83' lang='lat' dir='ltr'><strong>vel</strong></span> <span class='ocrx_word' id='word_1_8' title='bbox 1137 738 1348 799; x_wconf 86' lang='lat' dir='ltr'><strong>venire</strong></span> <span class='ocrx_word' id='word_1_9' title='bbox 1403 735 1938 817; x_wconf 87' lang='lat' dir='ltr'><strong>presumpserint;</strong></span> <span class='ocrx_word' id='word_1_10' title='bbox 2010 737 2177 797; x_wconf 88' lang='lat' dir='ltr'><strong>unde</strong></span> <span class='ocrx_word' id='word_1_11' title='bbox 2226 742 2289 797; x_wconf 92' lang='lat' dir='ltr'><strong>et</strong></span> <span class='ocrx_word' id='word_1_12' title='bbox 2338 736 2503 797; x_wconf 86' lang='lat' dir='ltr'><strong>hanc</strong></span> <span class='ocrx_word' id='word_1_13' title='bbox 2559 742 2798 797; x_wconf 89' lang='lat' dir='ltr'><strong>cartam</strong></span> <span class='ocrx_word' id='word_1_14' title='bbox 2850 744 3143 795; x_wconf 84' lang='lat' dir='ltr'><strong>nostram</strong></span> 
     </span>
     <span class='ocr_line' id='line_1_3' title="bbox 669 841 3143 922; baseline -0.001 -19"><span class='ocrx_word' id='word_1_15' title='bbox 669 842 890 921; x_wconf 80' lang='lat' dir='ltr'>sigillis</span> <span class='ocrx_word' id='word_1_16' title='bbox 939 844 1175 904; x_wconf 88' lang='lat' dir='ltr'><strong>nostris</strong></span> <span class='ocrx_word' id='word_1_17' title='bbox 1222 844 1315 904; x_wconf 88' lang='lat' dir='ltr'><strong>ita</strong></span> <span class='ocrx_word' id='word_1_18' title='bbox 1362 844 1908 915; x_wconf 83' lang='lat' dir='ltr'><strong>communivimus,</strong></span> <span class='ocrx_word' id='word_1_19' title='bbox 1960 843 2239 922; x_wconf 79' lang='lat' dir='ltr'><strong>presenti</strong></span> <span class='ocrx_word' id='word_1_20' title='bbox 2288 846 2351 903; x_wconf 92' lang='lat' dir='ltr'><strong>et</strong></span> <span class='ocrx_word' id='word_1_21' title='bbox 2399 848 2561 903; x_wconf 90' lang='lat' dir='ltr'><strong>teste</strong></span> <span class='ocrx_word' id='word_1_22' title='bbox 2609 848 2827 903; x_wconf 88' lang='lat' dir='ltr'><strong>nostra</strong></span> <span class='ocrx_word' id='word_1_23' title='bbox 2878 841 3143 920; x_wconf 81' lang='lat' dir='ltr'><strong>Synodo</strong></span> 
     </span>
     <span class='ocr_line' id='line_1_4' title="bbox 671 948 1138 1012; baseline 0.004 -3"><span class='ocrx_word' id='word_1_24' title='bbox 671 948 1138 1012; x_wconf 79' lang='lat' dir='ltr'><strong>Hereiordensi.</strong></span> 
     </span>
    </p>
   </div>
   <div class='ocr_carea' id='block_1_3' title="bbox 671 1340 3145 1502">
    <p class='ocr_par' dir='ltr' id='par_1_3' title="bbox 671 1340 3145 1502">
     <span class='ocr_line' id='line_1_5' title="bbox 671 1340 3145 1425; baseline 0.002 -24"><span class='ocrx_word' id='word_1_25' title='bbox 671 1340 1116 1419; x_wconf 69' lang='lat' dir='ltr'><strong>Confirmation</strong></span> <span class='ocrx_word' id='word_1_26' title='bbox 1161 1342 1231 1421; x_wconf 87' lang='lat' dir='ltr'><strong>of</strong></span> <span class='ocrx_word' id='word_1_27' title='bbox 1295 1342 1392 1402; x_wconf 74' lang='lat' dir='ltr'><strong>the</strong></span> <span class='ocrx_word' id='word_1_28' title='bbox 1446 1362 1608 1403; x_wconf 83' lang='lat' dir='ltr'><strong>same</strong></span> <span class='ocrx_word' id='word_1_29' title='bbox 1679 1343 1754 1421; x_wconf 73' lang='lat' dir='ltr'><strong>by</strong></span> <span class='ocrx_word' id='word_1_30' title='bbox 1825 1343 2017 1421; x_wconf 75' lang='lat' dir='ltr'><strong><em>Huqh</em></strong></span> <span class='ocrx_word' id='word_1_31' title='bbox 2084 1344 2290 1404; x_wconf 69' lang='lat' dir='ltr'><strong>Foliot</strong></span> <span class='ocrx_word' id='word_1_32' title='bbox 2358 1346 2643 1424; x_wconf 77' lang='lat' dir='ltr'><strong>(Bishop,</strong></span> <span class='ocrx_word' id='word_1_33' title='bbox 2715 1348 2907 1425; x_wconf 81' lang='lat'><em>1219)</em></span> <span class='ocrx_word' id='word_1_34' title='bbox 2978 1346 3145 1425; x_wconf 75' lang='lat' dir='ltr'><strong>after</strong></span> 
     </span>
     <span class='ocr_line' id='line_1_6' title="bbox 913 1422 1714 1502; baseline 0.002 -21"><span class='ocrx_word' id='word_1_35' title='bbox 913 1422 1165 1501; x_wconf 69' lang='lat' dir='ltr'><strong>inqui-ry</strong></span> <span class='ocrx_word' id='word_1_36' title='bbox 1183 1423 1352 1502; x_wconf 85' lang='lat' dir='ltr'><strong>from</strong></span> <span class='ocrx_word' id='word_1_37' title='bbox 1381 1422 1478 1483; x_wconf 83' lang='lat' dir='ltr'><strong>thc</strong></span> <span class='ocrx_word' id='word_1_38' title='bbox 1515 1424 1714 1485; x_wconf 79' lang='lat' dir='ltr'><strong>Vicar.</strong></span> 
     </span>
    </p>
   </div>
   <div class='ocr_carea' id='block_1_4' title="bbox 654 1603 3141 4962">
    <p class='ocr_par' dir='ltr' id='par_1_4' title="bbox 654 1603 3141 4962">
     <span class='ocr_line' id='line_1_7' title="bbox 835 1603 3139 1686; baseline 0 -21"><span class='ocrx_word' id='word_1_39' title='bbox 835 1603 1164 1665; x_wconf 86' lang='lat' dir='ltr'><strong>Universis</strong></span> <span class='ocrx_word' id='word_1_40' title='bbox 1211 1605 1438 1665; x_wconf 86' lang='lat' dir='ltr'><strong>Sancte</strong></span> <span class='ocrx_word' id='word_1_41' title='bbox 1483 1605 1706 1665; x_wconf 88' lang='lat' dir='ltr'><strong>Matris</strong></span> <span class='ocrx_word' id='word_1_42' title='bbox 1741 1605 2025 1666; x_wconf 85' lang='lat' dir='ltr'><strong>Ecclesie</strong></span> <span class='ocrx_word' id='word_1_43' title='bbox 2056 1605 2222 1677; x_wconf 88' lang='lat' dir='ltr'><strong>filiis,</strong></span> <span class='ocrx_word' id='word_1_44' title='bbox 2256 1606 2445 1686; x_wconf 84' lang='lat' dir='ltr'><strong>Hugo</strong></span> <span class='ocrx_word' id='word_1_45' title='bbox 2474 1606 2721 1685; x_wconf 83' lang='lat' dir='ltr'><strong>Folyot,</strong></span> <span class='ocrx_word' id='word_1_46' title='bbox 2755 1606 2969 1667; x_wconf 83' lang='lat' dir='ltr'><strong>divina</strong></span> <span class='ocrx_word' id='word_1_47' title='bbox 2996 1626 3139 1685; x_wconf 88' lang='lat' dir='ltr'><strong>per-</strong></span> 
     </span>
     <span class='ocr_line' id='line_1_8' title="bbox 667 1709 3141 1790; baseline 0.002 -23"><span class='ocrx_word' id='word_1_48' title='bbox 667 1709 966 1769; x_wconf 83' lang='lat' dir='ltr'><strong>missione</strong></span> <span class='ocrx_word' id='word_1_49' title='bbox 997 1709 1477 1769; x_wconf 80' lang='lat' dir='ltr'><strong>Herefordensis</strong></span> <span class='ocrx_word' id='word_1_50' title='bbox 1507 1710 1880 1789; x_wconf 75' lang='lat' dir='ltr'><strong>EpiscopuS,</strong></span> <span class='ocrx_word' id='word_1_51' title='bbox 1912 1710 2183 1771; x_wconf 81' lang='lat' dir='ltr'><strong>Radulfo</strong></span> <span class='ocrx_word' id='word_1_52' title='bbox 2213 1712 2471 1772; x_wconf 86' lang='lat' dir='ltr'><strong>Decano</strong></span> <span class='ocrx_word' id='word_1_53' title='bbox 2500 1731 2643 1772; x_wconf 92' lang='lat' dir='ltr'><strong>cum</strong></span> <span class='ocrx_word' id='word_1_54' title='bbox 2674 1718 2810 1771; x_wconf 91' lang='lat' dir='ltr'><strong>toto</strong></span> <span class='ocrx_word' id='word_1_55' title='bbox 2840 1712 3141 1790; x_wconf 86' lang='lat' dir='ltr'><strong>Capitulo</strong></span> 
     </span>
     <span class='ocr_line' id='line_1_9' title="bbox 668 1814 3139 1895; baseline 0.001 -20"><span class='ocrx_word' id='word_1_56' title='bbox 668 1814 1138 1887; x_wconf 80' lang='lat' dir='ltr'><strong>Herefordensi,</strong></span> <span class='ocrx_word' id='word_1_57' title='bbox 1171 1816 1460 1877; x_wconf 87' lang='lat' dir='ltr'><strong>salutem.</strong></span> <span class='ocrx_word' id='word_1_58' title='bbox 1551 1816 1781 1877; x_wconf 87' lang='lat' dir='ltr'><strong>Sciatis</strong></span> <span class='ocrx_word' id='word_1_59' title='bbox 1811 1836 1924 1877; x_wconf 89' lang='lat' dir='ltr'><strong>nos</strong></span> <span class='ocrx_word' id='word_1_60' title='bbox 1954 1816 2301 1895; x_wconf 82' lang='lat' dir='ltr'><strong>inspexisse</strong></span> <span class='ocrx_word' id='word_1_61' title='bbox 2344 1826 2584 1878; x_wconf 89' lang='lat' dir='ltr'><strong>cartam</strong></span> <span class='ocrx_word' id='word_1_62' title='bbox 2632 1822 2791 1879; x_wconf 91' lang='lat' dir='ltr'><strong>bone</strong></span> <span class='ocrx_word' id='word_1_63' title='bbox 2832 1818 3139 1878; x_wconf 87' lang='lat' dir='ltr'><strong>memorie</strong></span> 
     </span>
     <span class='ocr_line' id='line_1_10' title="bbox 666 1920 3141 2001; baseline 0 -19"><span class='ocrx_word' id='word_1_64' title='bbox 666 1921 975 2001; x_wconf 82' lang='lat' dir='ltr'><strong>G[ilberti</strong></span> <span class='ocrx_word' id='word_1_65' title='bbox 1031 1921 1319 1999; x_wconf 82' lang='lat' dir='ltr'><strong>Folyot],</strong></span> <span class='ocrx_word' id='word_1_66' title='bbox 1383 1922 1699 2000; x_wconf 86' lang='lat' dir='ltr'><strong>quondam</strong></span> <span class='ocrx_word' id='word_1_67' title='bbox 1758 1920 2240 1982; x_wconf 80' lang='lat' dir='ltr'><strong>Herefordensis</strong></span> <span class='ocrx_word' id='word_1_68' title='bbox 2296 1922 2614 2001; x_wconf 80' lang='lat' dir='ltr'><strong>Episcopi,</strong></span> <span class='ocrx_word' id='word_1_69' title='bbox 2672 1943 2815 1983; x_wconf 91' lang='lat' dir='ltr'><strong>cum</strong></span> <span class='ocrx_word' id='word_1_70' title='bbox 2867 1942 3141 1983; x_wconf 87' lang='lat' dir='ltr'><strong>assensu</strong></span> 
     </span>
     <span class='ocr_line' id='line_1_11' title="bbox 667 2027 3134 2107; baseline -0 -18"><span class='ocrx_word' id='word_1_71' title='bbox 667 2028 945 2107; x_wconf 77' lang='lat' dir='ltr'><strong>Capituli</strong></span> <span class='ocrx_word' id='word_1_72' title='bbox 995 2027 1228 2099; x_wconf 88' lang='lat' dir='ltr'><strong>nostri;</strong></span> <span class='ocrx_word' id='word_1_73' title='bbox 1289 2028 1352 2087; x_wconf 92' lang='lat' dir='ltr'><strong>in</strong></span> <span class='ocrx_word' id='word_1_74' title='bbox 1402 2046 1528 2106; x_wconf 87' lang='lat' dir='ltr'><strong>qua</strong></span> <span class='ocrx_word' id='word_1_75' title='bbox 1576 2027 1931 2088; x_wconf 71' lang='lat' dir='ltr'><strong>continetur</strong></span> <span class='ocrx_word' id='word_1_76' title='bbox 1970 2027 2141 2107; x_wconf 91' lang='lat' dir='ltr'><strong>ipsos</strong></span> <span class='ocrx_word' id='word_1_77' title='bbox 2186 2028 2511 2089; x_wconf 88' lang='lat' dir='ltr'><strong>ecclesiam</strong></span> <span class='ocrx_word' id='word_1_78' title='bbox 2564 2029 2747 2089; x_wconf 88' lang='lat' dir='ltr'><strong>beate</strong></span> <span class='ocrx_word' id='word_1_79' title='bbox 2800 2030 3003 2089; x_wconf 79' lang='lat' dir='ltr'><strong>Mat-ie</strong></span> <span class='ocrx_word' id='word_1_80' title='bbox 3054 2028 3134 2088; x_wconf 82' lang='lat' dir='ltr'><strong>de</strong></span> 
     </span>
     <span class='ocr_line' id='line_1_12' title="bbox 668 2132 3139 2214; baseline 0.001 -20"><span class='ocrx_word' id='word_1_81' title='bbox 668 2133 874 2194; x_wconf 88' lang='lat' dir='ltr'><strong>Coura</strong></span> <span class='ocrx_word' id='word_1_82' title='bbox 916 2132 1300 2193; x_wconf 88' lang='lat' dir='ltr'><strong>Monasterio</strong></span> <span class='ocrx_word' id='word_1_83' title='bbox 1339 2133 1522 2192; x_wconf 88' lang='lat' dir='ltr'><strong>Beati</strong></span> <span class='ocrx_word' id='word_1_84' title='bbox 1566 2134 1739 2193; x_wconf 89' lang='lat' dir='ltr'><strong>Petri</strong></span> <span class='ocrx_word' id='word_1_85' title='bbox 1780 2133 2167 2195; x_wconf 83' lang='lat' dir='ltr'><strong>Gloucestrie</strong></span> <span class='ocrx_word' id='word_1_86' title='bbox 2208 2135 2590 2195; x_wconf 87' lang='lat' dir='ltr'><strong>concessisse</strong></span> <span class='ocrx_word' id='word_1_87' title='bbox 2634 2140 2696 2195; x_wconf 89' lang='lat' dir='ltr'><strong>et</strong></span> <span class='ocrx_word' id='word_1_88' title='bbox 2740 2136 2805 2194; x_wconf 93' lang='lat' dir='ltr'><strong>in</strong></span> <span class='ocrx_word' id='word_1_89' title='bbox 2847 2136 3139 2214; x_wconf 85' lang='lat' dir='ltr'><strong>proprios</strong></span> 
     </span>
     <span class='ocr_line' id='line_1_13' title="bbox 666 2237 3139 2319; baseline 0.001 -21"><span class='ocrx_word' id='word_1_90' title='bbox 666 2258 818 2299; x_wconf 91' lang='lat' dir='ltr'><strong>usus</strong></span> <span class='ocrx_word' id='word_1_91' title='bbox 867 2239 1296 2310; x_wconf 90' lang='lat' dir='ltr'><strong>confirmasse,</strong></span> <span class='ocrx_word' id='word_1_92' title='bbox 1355 2237 1436 2299; x_wconf 89' lang='lat' dir='ltr'><strong>ad</strong></span> <span class='ocrx_word' id='word_1_93' title='bbox 1491 2238 1825 2299; x_wconf 87' lang='lat' dir='ltr'><strong>luminaria</strong></span> <span class='ocrx_word' id='word_1_94' title='bbox 1880 2244 1943 2299; x_wconf 91' lang='lat' dir='ltr'><strong>et</strong></span> <span class='ocrx_word' id='word_1_95' title='bbox 1998 2249 2371 2300; x_wconf 88' lang='lat' dir='ltr'><strong>ornamenta</strong></span> <span class='ocrx_word' id='word_1_96' title='bbox 2426 2242 2708 2319; x_wconf 85' lang='lat' dir='ltr'><strong>ejusdem</strong></span> <span class='ocrx_word' id='word_1_97' title='bbox 2760 2241 3139 2301; x_wconf 85' lang='lat' dir='ltr'><strong>Monasterii</strong></span> 
     </span>
     <span class='ocr_line' id='line_1_14' title="bbox 665 2344 3137 2424; baseline 0.002 -21"><span class='ocrx_word' id='word_1_98' title='bbox 665 2344 1047 2405; x_wconf 86' lang='lat' dir='ltr'><strong>invenienda</strong></span> <span class='ocrx_word' id='word_1_99' title='bbox 1090 2364 1201 2423; x_wconf 91' lang='lat' dir='ltr'><strong>per</strong></span> <span class='ocrx_word' id='word_1_100' title='bbox 1243 2364 1472 2404; x_wconf 90' lang='lat' dir='ltr'><strong>manus</strong></span> <span class='ocrx_word' id='word_1_101' title='bbox 1514 2345 1774 2405; x_wconf 80' lang='lat' dir='ltr'><strong>sacriste</strong></span> <span class='ocrx_word' id='word_1_102' title='bbox 1817 2346 2100 2424; x_wconf 88' lang='lat' dir='ltr'><strong>ejusdem</strong></span> <span class='ocrx_word' id='word_1_103' title='bbox 2143 2345 2282 2407; x_wconf 92' lang='lat' dir='ltr'><strong>loci.</strong></span> <span class='ocrx_word' id='word_1_104' title='bbox 2395 2346 2484 2406; x_wconf 88' lang='lat' dir='ltr'><strong>Et</strong></span> <span class='ocrx_word' id='word_1_105' title='bbox 2526 2366 2672 2407; x_wconf 90' lang='lat' dir='ltr'><strong>cum</strong></span> <span class='ocrx_word' id='word_1_106' title='bbox 2716 2352 3002 2407; x_wconf 87' lang='lat' dir='ltr'><strong>nostrum</strong></span> <span class='ocrx_word' id='word_1_107' title='bbox 3050 2348 3137 2407; x_wconf 90' lang='lat' dir='ltr'><strong>sit</strong></span> 
     </span>
     <span class='ocr_line' id='line_1_15' title="bbox 665 2449 3138 2530; baseline 0.002 -21"><span class='ocrx_word' id='word_1_108' title='bbox 665 2450 864 2529; x_wconf 83' lang='lat' dir='ltr'><strong>rigare</strong></span> <span class='ocrx_word' id='word_1_109' title='bbox 893 2450 1059 2530; x_wconf 90' lang='lat' dir='ltr'><strong>quod</strong></span> <span class='ocrx_word' id='word_1_110' title='bbox 1086 2449 1555 2529; x_wconf 85' lang='lat' dir='ltr'><strong>predecessores</strong></span> <span class='ocrx_word' id='word_1_111' title='bbox 1583 2450 1783 2509; x_wconf 88' lang='lat' dir='ltr'><strong>nostri</strong></span> <span class='ocrx_word' id='word_1_112' title='bbox 1812 2450 2440 2529; x_wconf 89' lang='lat' dir='ltr'><strong>plantaverint,—sic</strong></span> <span class='ocrx_word' id='word_1_113' title='bbox 2469 2451 2636 2511; x_wconf 91' lang='lat' dir='ltr'><strong>enim</strong></span> <span class='ocrx_word' id='word_1_114' title='bbox 2667 2452 2883 2511; x_wconf 87' lang='lat' dir='ltr'><strong>eadem</strong></span> <span class='ocrx_word' id='word_1_115' title='bbox 2920 2452 3138 2529; x_wconf 81' lang='lat' dir='ltr'><strong>gracia</strong></span> 
     </span>
     <span class='ocr_line' id='line_1_16' title="bbox 663 2555 3135 2636; baseline 0.001 -20"><span class='ocrx_word' id='word_1_116' title='bbox 663 2576 786 2635; x_wconf 88' lang='lat' dir='ltr'><strong>que</strong></span> <span class='ocrx_word' id='word_1_117' title='bbox 815 2556 1156 2635; x_wconf 76' lang='lat' dir='ltr'><strong>plantatori</strong></span> <span class='ocrx_word' id='word_1_118' title='bbox 1198 2555 1390 2615; x_wconf 89' lang='lat' dir='ltr'><strong>etiam</strong></span> <span class='ocrx_word' id='word_1_119' title='bbox 1428 2555 1688 2617; x_wconf 89' lang='lat' dir='ltr'><strong>debetur</strong></span> <span class='ocrx_word' id='word_1_120' title='bbox 1717 2558 2010 2617; x_wconf 82' lang='lat' dir='ltr'><strong>nutritori</strong></span> <span class='ocrx_word' id='word_1_121' title='bbox 2031 2568 2337 2627; x_wconf 87' lang='lat' dir='ltr'><strong>;—ratam</strong></span> <span class='ocrx_word' id='word_1_122' title='bbox 2378 2558 2569 2636; x_wconf 84' lang='lat' dir='ltr'><strong>igitur</strong></span> <span class='ocrx_word' id='word_1_123' title='bbox 2612 2558 2915 2619; x_wconf 88' lang='lat' dir='ltr'><strong>habentes</strong></span> <span class='ocrx_word' id='word_1_124' title='bbox 2956 2559 3135 2619; x_wconf 87' lang='lat' dir='ltr'><strong>illam</strong></span> 
     </span>
     <span class='ocr_line' id='line_1_17' title="bbox 663 2660 3135 2741; baseline 0.001 -20"><span class='ocrx_word' id='word_1_125' title='bbox 663 2660 1094 2732; x_wconf 85' lang='lat' dir='ltr'><strong>donacionem,</strong></span> <span class='ocrx_word' id='word_1_126' title='bbox 1127 2661 1464 2721; x_wconf 84' lang='lat' dir='ltr'><strong>autoritate</strong></span> <span class='ocrx_word' id='word_1_127' title='bbox 1492 2681 1618 2740; x_wconf 88' lang='lat' dir='ltr'><strong>qua</strong></span> <span class='ocrx_word' id='word_1_128' title='bbox 1647 2661 1789 2721; x_wconf 80' lang='lat' dir='ltr'><strong>freti</strong></span> <span class='ocrx_word' id='word_1_129' title='bbox 1816 2680 2034 2722; x_wconf 86' lang='lat' dir='ltr'><strong>sumus</strong></span> <span class='ocrx_word' id='word_1_130' title='bbox 2070 2673 2133 2721; x_wconf 91' lang='lat' dir='ltr'><strong>et</strong></span> <span class='ocrx_word' id='word_1_131' title='bbox 2175 2667 2509 2741; x_wconf 87' lang='lat' dir='ltr'><strong>potestate,</strong></span> <span class='ocrx_word' id='word_1_132' title='bbox 2555 2662 2821 2722; x_wconf 88' lang='lat' dir='ltr'><strong>eandem</strong></span> <span class='ocrx_word' id='word_1_133' title='bbox 2862 2662 3135 2724; x_wconf 87' lang='lat' dir='ltr'><strong>firmiter</strong></span> 
     </span>
     <span class='ocr_line' id='line_1_18' title="bbox 658 2768 3137 2848; baseline 0 -20"><span class='ocrx_word' id='word_1_134' title='bbox 658 2768 1062 2828; x_wconf 85' lang='lat' dir='ltr'><strong>concedimus</strong></span> <span class='ocrx_word' id='word_1_135' title='bbox 1091 2775 1155 2828; x_wconf 91' lang='lat' dir='ltr'><strong>et</strong></span> <span class='ocrx_word' id='word_1_136' title='bbox 1183 2768 1629 2828; x_wconf 88' lang='lat' dir='ltr'><strong>confirmamus</strong></span> <span class='ocrx_word' id='word_1_137' title='bbox 1659 2769 1831 2827; x_wconf 91' lang='lat' dir='ltr'><strong>omni</strong></span> <span class='ocrx_word' id='word_1_138' title='bbox 1860 2788 1934 2829; x_wconf 93' lang='lat' dir='ltr'><strong>eo</strong></span> <span class='ocrx_word' id='word_1_139' title='bbox 1978 2768 2165 2828; x_wconf 91' lang='lat' dir='ltr'><strong>modo</strong></span> <span class='ocrx_word' id='word_1_140' title='bbox 2206 2787 2330 2848; x_wconf 90' lang='lat' dir='ltr'><strong>quo</strong></span> <span class='ocrx_word' id='word_1_141' title='bbox 2372 2775 2548 2829; x_wconf 87' lang='lat' dir='ltr'><strong>carta</strong></span> <span class='ocrx_word' id='word_1_142' title='bbox 2590 2769 2697 2829; x_wconf 88' lang='lat' dir='ltr'><strong>illa</strong></span> <span class='ocrx_word' id='word_1_143' title='bbox 2739 2777 3137 2847; x_wconf 85' lang='lat' dir='ltr'><strong>protest-atur</strong></span> 
     </span>
     <span class='ocr_line' id='line_1_19' title="bbox 659 2872 3133 2953; baseline 0.001 -20"><span class='ocrx_word' id='word_1_144' title='bbox 659 2878 725 2933; x_wconf 87' lang='lat' dir='ltr'><strong>et</strong></span> <span class='ocrx_word' id='word_1_145' title='bbox 755 2874 818 2931; x_wconf 91' lang='lat' dir='ltr'><strong>in</strong></span> <span class='ocrx_word' id='word_1_146' title='bbox 850 2872 1158 2933; x_wconf 80' lang='lat' dir='ltr'><strong>omnibus,</strong></span> <span class='ocrx_word' id='word_1_147' title='bbox 1245 2872 1332 2931; x_wconf 87' lang='lat' dir='ltr'><strong>Et</strong></span> <span class='ocrx_word' id='word_1_148' title='bbox 1363 2892 1506 2932; x_wconf 89' lang='lat' dir='ltr'><strong>cum</strong></span> <span class='ocrx_word' id='word_1_149' title='bbox 1537 2872 1997 2953; x_wconf 87' lang='lat' dir='ltr'><strong>aliquantulum</strong></span> <span class='ocrx_word' id='word_1_150' title='bbox 2029 2873 2447 2933; x_wconf 86' lang='lat' dir='ltr'><strong>hesitaremus</strong></span> <span class='ocrx_word' id='word_1_151' title='bbox 2484 2893 2561 2933; x_wconf 91' lang='lat' dir='ltr'><strong>an</strong></span> <span class='ocrx_word' id='word_1_152' title='bbox 2608 2882 2677 2933; x_wconf 89' lang='lat' dir='ltr'><strong>ut</strong></span> <span class='ocrx_word' id='word_1_153' title='bbox 2720 2894 2988 2951; x_wconf 87' lang='lat' dir='ltr'><strong>persona</strong></span> <span class='ocrx_word' id='word_1_154' title='bbox 3034 2876 3133 2935; x_wconf 84' lang='lat' dir='ltr'><strong>vel</strong></span> 
     </span>
     <span class='ocr_line' id='line_1_20' title="bbox 659 2980 3137 3058; baseline 0.001 -18"><span class='ocrx_word' id='word_1_155' title='bbox 659 2987 734 3040; x_wconf 89' lang='lat' dir='ltr'><strong>ut</strong></span> <span class='ocrx_word' id='word_1_156' title='bbox 783 2980 1052 3040; x_wconf 89' lang='lat' dir='ltr'><strong>vicarius</strong></span> <span class='ocrx_word' id='word_1_157' title='bbox 1101 2980 1404 3058; x_wconf 87' lang='lat' dir='ltr'><strong>magister</strong></span> <span class='ocrx_word' id='word_1_158' title='bbox 1452 2980 1801 3040; x_wconf 89' lang='lat' dir='ltr'><strong>Willelmus</strong></span> <span class='ocrx_word' id='word_1_159' title='bbox 1843 2981 1920 3041; x_wconf 93' lang='lat' dir='ltr'><strong>de</strong></span> <span class='ocrx_word' id='word_1_160' title='bbox 1965 2980 2360 3041; x_wconf 88' lang='lat' dir='ltr'><strong>Gloucestria</strong></span> <span class='ocrx_word' id='word_1_161' title='bbox 2403 2981 2637 3041; x_wconf 88' lang='lat' dir='ltr'><strong>dictam</strong></span> <span class='ocrx_word' id='word_1_162' title='bbox 2681 2983 3013 3041; x_wconf 87' lang='lat' dir='ltr'><strong>ecclesiam</strong></span> <span class='ocrx_word' id='word_1_163' title='bbox 3056 2982 3137 3043; x_wconf 89' lang='lat' dir='ltr'><strong>de</strong></span> 
     </span>
     <span class='ocr_line' id='line_1_21' title="bbox 663 3085 3135 3165; baseline 0 -18"><span class='ocrx_word' id='word_1_164' title='bbox 663 3085 868 3147; x_wconf 87' lang='lat' dir='ltr'><strong>Coura</strong></span> <span class='ocrx_word' id='word_1_165' title='bbox 934 3086 1302 3163; x_wconf 88' lang='lat' dir='ltr'><strong>possideret,</strong></span> <span class='ocrx_word' id='word_1_166' title='bbox 1375 3085 1539 3145; x_wconf 90' lang='lat' dir='ltr'><strong>idem</strong></span> <span class='ocrx_word' id='word_1_167' title='bbox 1611 3087 1929 3164; x_wconf 88' lang='lat' dir='ltr'><strong>magister,</strong></span> <span class='ocrx_word' id='word_1_168' title='bbox 2003 3106 2190 3165; x_wconf 92' lang='lat' dir='ltr'><strong>super</strong></span> <span class='ocrx_word' id='word_1_169' title='bbox 2258 3086 2381 3146; x_wconf 90' lang='lat' dir='ltr'><strong>hiis</strong></span> <span class='ocrx_word' id='word_1_170' title='bbox 2448 3087 2777 3165; x_wconf 88' lang='lat' dir='ltr'><strong>diligenter</strong></span> <span class='ocrx_word' id='word_1_171' title='bbox 2846 3108 2885 3147; x_wconf 87' lang='lat' dir='ltr'><strong>a</strong></span> <span class='ocrx_word' id='word_1_172' title='bbox 2946 3088 3135 3149; x_wconf 85' lang='lat' dir='ltr'><strong>nobis</strong></span> 
     </span>
     <span class='ocr_line' id='line_1_22' title="bbox 660 3190 3130 3272; baseline 0 -20"><span class='ocrx_word' id='word_1_173' title='bbox 660 3193 998 3272; x_wconf 87' lang='lat' dir='ltr'><strong>requisitus</strong></span> <span class='ocrx_word' id='word_1_174' title='bbox 1026 3193 1142 3252; x_wconf 88' lang='lat' dir='ltr'><strong>sub</strong></span> <span class='ocrx_word' id='word_1_175' title='bbox 1172 3192 1345 3271; x_wconf 87' lang='lat' dir='ltr'><strong>gravi</strong></span> <span class='ocrx_word' id='word_1_176' title='bbox 1372 3190 1730 3270; x_wconf 85' lang='lat' dir='ltr'><strong>juramento</strong></span> <span class='ocrx_word' id='word_1_177' title='bbox 1760 3191 2080 3252; x_wconf 78' lang='lat' dir='ltr'><strong>fatebatur</strong></span> <span class='ocrx_word' id='word_1_178' title='bbox 2109 3210 2175 3252; x_wconf 86' lang='lat' dir='ltr'><strong>se</strong></span> <span class='ocrx_word' id='word_1_179' title='bbox 2205 3199 2459 3253; x_wconf 86' lang='lat' dir='ltr'><strong>tantum</strong></span> <span class='ocrx_word' id='word_1_180' title='bbox 2488 3194 2787 3253; x_wconf 87' lang='lat' dir='ltr'><strong>vicarium</strong></span> <span class='ocrx_word' id='word_1_181' title='bbox 2834 3194 3130 3263; x_wconf 82' lang='lat' dir='ltr'><strong>existere,</strong></span> 
     </span>
     <span class='ocr_line' id='line_1_23' title="bbox 654 3298 3135 3378; baseline 0.001 -19"><span class='ocrx_word' id='word_1_182' title='bbox 654 3302 722 3359; x_wconf 89' lang='lat' dir='ltr'><strong>et</strong></span> <span class='ocrx_word' id='word_1_183' title='bbox 791 3298 868 3357; x_wconf 88' lang='lat' dir='ltr'><strong>de</strong></span> <span class='ocrx_word' id='word_1_184' title='bbox 936 3298 1106 3358; x_wconf 90' lang='lat' dir='ltr'><strong>dicta</strong></span> <span class='ocrx_word' id='word_1_185' title='bbox 1177 3298 1440 3358; x_wconf 90' lang='lat' dir='ltr'><strong>ecclesia</strong></span> <span class='ocrx_word' id='word_1_186' title='bbox 1503 3298 1567 3358; x_wconf 94' lang='lat' dir='ltr'><strong>in</strong></span> <span class='ocrx_word' id='word_1_187' title='bbox 1627 3316 1797 3358; x_wconf 85' lang='lat' dir='ltr'>xxxv</span> <span class='ocrx_word' id='word_1_188' title='bbox 1855 3298 2081 3358; x_wconf 88' lang='lat' dir='ltr'><strong>marcis</strong></span> <span class='ocrx_word' id='word_1_189' title='bbox 2140 3299 2367 3358; x_wconf 88' lang='lat' dir='ltr'><strong>annuis</strong></span> <span class='ocrx_word' id='word_1_190' title='bbox 2427 3318 2493 3358; x_wconf 89' lang='lat' dir='ltr'><strong>se</strong></span> <span class='ocrx_word' id='word_1_191' title='bbox 2548 3298 2810 3378; x_wconf 87' lang='lat' dir='ltr'><strong>obligari</strong></span> <span class='ocrx_word' id='word_1_192' title='bbox 2868 3300 3135 3361; x_wconf 84' lang='lat' dir='ltr'><strong>sacriste</strong></span> 
     </span>
     <span class='ocr_line' id='line_1_24' title="bbox 656 3403 3131 3484; baseline 0.001 -21"><span class='ocrx_word' id='word_1_193' title='bbox 656 3403 1051 3464; x_wconf 82' lang='lat' dir='ltr'><strong>Gloucestrie</strong></span> <span class='ocrx_word' id='word_1_194' title='bbox 1095 3412 1158 3463; x_wconf 91' lang='lat' dir='ltr'><strong>et</strong></span> <span class='ocrx_word' id='word_1_195' title='bbox 1186 3404 1278 3461; x_wconf 87' lang='lat' dir='ltr'><strong>illi</strong></span> <span class='ocrx_word' id='word_1_196' title='bbox 1304 3403 1369 3462; x_wconf 94' lang='lat' dir='ltr'><strong>in</strong></span> <span class='ocrx_word' id='word_1_197' title='bbox 1403 3410 1586 3463; x_wconf 88' lang='lat' dir='ltr'><strong>tanta</strong></span> <span class='ocrx_word' id='word_1_198' title='bbox 1614 3404 1879 3482; x_wconf 90' lang='lat' dir='ltr'><strong>pecunia</strong></span> <span class='ocrx_word' id='word_1_199' title='bbox 1922 3404 2251 3464; x_wconf 88' lang='lat' dir='ltr'><strong>annuatim</strong></span> <span class='ocrx_word' id='word_1_200' title='bbox 2296 3404 2690 3483; x_wconf 88' lang='lat' dir='ltr'><strong>respondere.</strong></span> <span class='ocrx_word' id='word_1_201' title='bbox 2797 3404 2890 3466; x_wconf 91' lang='lat' dir='ltr'><strong>Ut</strong></span> <span class='ocrx_word' id='word_1_202' title='bbox 2933 3406 3131 3484; x_wconf 85' lang='lat' dir='ltr'><strong>igitur</strong></span> 
     </span>
     <span class='ocr_line' id='line_1_25' title="bbox 659 3509 3131 3589; baseline 0.001 -20"><span class='ocrx_word' id='word_1_203' title='bbox 659 3510 815 3569; x_wconf 91' lang='lat' dir='ltr'><strong>nulli</strong></span> <span class='ocrx_word' id='word_1_204' title='bbox 844 3509 1195 3589; x_wconf 87' lang='lat' dir='ltr'><strong>posteritati</strong></span> <span class='ocrx_word' id='word_1_205' title='bbox 1225 3510 1396 3570; x_wconf 88' lang='lat' dir='ltr'><strong>istud</strong></span> <span class='ocrx_word' id='word_1_206' title='bbox 1427 3516 1709 3570; x_wconf 88' lang='lat' dir='ltr'><strong>vertatur</strong></span> <span class='ocrx_word' id='word_1_207' title='bbox 1750 3510 1816 3569; x_wconf 88' lang='lat' dir='ltr'><strong>in</strong></span> <span class='ocrx_word' id='word_1_208' title='bbox 1860 3510 2139 3582; x_wconf 90' lang='lat' dir='ltr'><strong>dubium,</strong></span> <span class='ocrx_word' id='word_1_209' title='bbox 2185 3511 2471 3582; x_wconf 88' lang='lat' dir='ltr'><strong>dicimus,</strong></span> <span class='ocrx_word' id='word_1_210' title='bbox 2520 3511 2829 3582; x_wconf 82' lang='lat' dir='ltr'><strong>volumuS,</strong></span> <span class='ocrx_word' id='word_1_211' title='bbox 2876 3524 2940 3573; x_wconf 88' lang='lat' dir='ltr'><strong>et</strong></span> <span class='ocrx_word' id='word_1_212' title='bbox 2980 3530 3131 3572; x_wconf 86' lang='lat' dir='ltr'><strong>con-</strong></span> 
     </span>
     <span class='ocr_line' id='line_1_26' title="bbox 659 3614 3126 3695; baseline 0 -20"><span class='ocrx_word' id='word_1_213' title='bbox 659 3614 939 3675; x_wconf 89' lang='lat' dir='ltr'><strong>cedimus</strong></span> <span class='ocrx_word' id='word_1_214' title='bbox 969 3619 1039 3674; x_wconf 91' lang='lat' dir='ltr'><strong>ut</strong></span> <span class='ocrx_word' id='word_1_215' title='bbox 1067 3622 1451 3675; x_wconf 88' lang='lat' dir='ltr'><strong>memoratus</strong></span> <span class='ocrx_word' id='word_1_216' title='bbox 1482 3617 1746 3675; x_wconf 89' lang='lat' dir='ltr'><strong>sacrista</strong></span> <span class='ocrx_word' id='word_1_217' title='bbox 1774 3615 2102 3676; x_wconf 89' lang='lat' dir='ltr'><strong>ecclesiam</strong></span> <span class='ocrx_word' id='word_1_218' title='bbox 2134 3634 2315 3675; x_wconf 88' lang='lat' dir='ltr'><strong>suam</strong></span> <span class='ocrx_word' id='word_1_219' title='bbox 2352 3616 2429 3676; x_wconf 91' lang='lat' dir='ltr'><strong>de</strong></span> <span class='ocrx_word' id='word_1_220' title='bbox 2473 3616 2678 3676; x_wconf 85' lang='lat' dir='ltr'><strong>Goura</strong></span> <span class='ocrx_word' id='word_1_221' title='bbox 2718 3616 3126 3695; x_wconf 84' lang='lat' dir='ltr'><strong>ingrediatur,</strong></span> 
     </span>
     <span class='ocr_line' id='line_1_27' title="bbox 657 3722 3132 3801; baseline 0.002 -22"><span class='ocrx_word' id='word_1_222' title='bbox 657 3729 724 3779; x_wconf 88' lang='lat' dir='ltr'><strong>et</strong></span> <span class='ocrx_word' id='word_1_223' title='bbox 781 3722 846 3779; x_wconf 92' lang='lat' dir='ltr'><strong>in</strong></span> <span class='ocrx_word' id='word_1_224' title='bbox 905 3740 1095 3780; x_wconf 91' lang='lat' dir='ltr'><strong>manu</strong></span> <span class='ocrx_word' id='word_1_225' title='bbox 1154 3740 1270 3780; x_wconf 88' lang='lat' dir='ltr'><strong>sua</strong></span> <span class='ocrx_word' id='word_1_226' title='bbox 1323 3722 1594 3781; x_wconf 89' lang='lat' dir='ltr'><strong>retineat</strong></span> <span class='ocrx_word' id='word_1_227' title='bbox 1649 3722 2066 3801; x_wconf 91' lang='lat' dir='ltr'><strong>quodcunque</strong></span> <span class='ocrx_word' id='word_1_228' title='bbox 2117 3723 2401 3794; x_wconf 88' lang='lat' dir='ltr'><strong>voluerit,</strong></span> <span class='ocrx_word' id='word_1_229' title='bbox 2454 3723 2630 3783; x_wconf 86' lang='lat' dir='ltr'><strong>salva</strong></span> <span class='ocrx_word' id='word_1_230' title='bbox 2680 3722 3016 3784; x_wconf 88' lang='lat' dir='ltr'><strong>sufficienti</strong></span> <span class='ocrx_word' id='word_1_231' title='bbox 3066 3731 3132 3785; x_wconf 89' lang='lat' dir='ltr'><strong>et</strong></span> 
     </span>
     <span class='ocr_line' id='line_1_28' title="bbox 659 3826 3133 3907; baseline 0.003 -21"><span class='ocrx_word' id='word_1_232' title='bbox 659 3826 929 3887; x_wconf 87' lang='lat' dir='ltr'><strong>honesta</strong></span> <span class='ocrx_word' id='word_1_233' title='bbox 986 3827 1409 3886; x_wconf 88' lang='lat' dir='ltr'><strong>sustinacione</strong></span> <span class='ocrx_word' id='word_1_234' title='bbox 1466 3828 1652 3889; x_wconf 92' lang='lat' dir='ltr'><strong>unius</strong></span> <span class='ocrx_word' id='word_1_235' title='bbox 1707 3829 2018 3907; x_wconf 86' lang='lat' dir='ltr'><strong>capellani</strong></span> <span class='ocrx_word' id='word_1_236' title='bbox 2074 3848 2186 3889; x_wconf 91' lang='lat' dir='ltr'><strong>seu</strong></span> <span class='ocrx_word' id='word_1_237' title='bbox 2240 3830 2455 3889; x_wconf 85' lang='lat' dir='ltr'><strong>vicarii</strong></span> <span class='ocrx_word' id='word_1_238' title='bbox 2514 3830 2577 3889; x_wconf 90' lang='lat' dir='ltr'><strong>in</strong></span> <span class='ocrx_word' id='word_1_239' title='bbox 2635 3830 2807 3891; x_wconf 90' lang='lat' dir='ltr'><strong>dicta</strong></span> <span class='ocrx_word' id='word_1_240' title='bbox 2862 3833 3133 3893; x_wconf 81' lang='lat' dir='ltr'><strong>ecclesia</strong></span> 
     </span>
     <span class='ocr_line' id='line_1_29' title="bbox 662 3932 3129 4015; baseline 0.002 -24"><span class='ocrx_word' id='word_1_241' title='bbox 662 3932 1099 3992; x_wconf 78' lang='lat' dir='ltr'><strong>ministrantis.</strong></span> <span class='ocrx_word' id='word_1_242' title='bbox 1185 3932 1272 3991; x_wconf 87' lang='lat' dir='ltr'><strong>Et</strong></span> <span class='ocrx_word' id='word_1_243' title='bbox 1309 3932 1435 3993; x_wconf 87' lang='lat' dir='ltr'><strong>sint</strong></span> <span class='ocrx_word' id='word_1_244' title='bbox 1478 3934 1739 4011; x_wconf 87' lang='lat' dir='ltr'><strong>predicti</strong></span> <span class='ocrx_word' id='word_1_245' title='bbox 1784 3934 1993 3995; x_wconf 88' lang='lat' dir='ltr'><strong>Abbas</strong></span> <span class='ocrx_word' id='word_1_246' title='bbox 2038 3940 2100 3995; x_wconf 89' lang='lat' dir='ltr'><strong>et</strong></span> <span class='ocrx_word' id='word_1_247' title='bbox 2143 3934 2504 3996; x_wconf 82' lang='lat' dir='ltr'><strong>Conventus</strong></span> <span class='ocrx_word' id='word_1_248' title='bbox 2549 3936 2743 4014; x_wconf 86' lang='lat' dir='ltr'><strong>quieti</strong></span> <span class='ocrx_word' id='word_1_249' title='bbox 2786 3956 2825 3997; x_wconf 88' lang='lat' dir='ltr'><strong>a</strong></span> <span class='ocrx_word' id='word_1_250' title='bbox 2870 3937 3129 4015; x_wconf 86' lang='lat' dir='ltr'><strong>Synodo</strong></span> 
     </span>
     <span class='ocr_line' id='line_1_30' title="bbox 662 4038 3131 4121; baseline 0.002 -24"><span class='ocrx_word' id='word_1_251' title='bbox 662 4047 882 4098; x_wconf 87' lang='lat' dir='ltr'><strong>nostra</strong></span> <span class='ocrx_word' id='word_1_252' title='bbox 938 4038 1273 4117; x_wconf 86' lang='lat' dir='ltr'><strong>sequenda,</strong></span> <span class='ocrx_word' id='word_1_253' title='bbox 1347 4039 1633 4099; x_wconf 88' lang='lat' dir='ltr'><strong>similiter</strong></span> <span class='ocrx_word' id='word_1_254' title='bbox 1689 4040 1767 4101; x_wconf 86' lang='lat' dir='ltr'><strong>ab</strong></span> <span class='ocrx_word' id='word_1_255' title='bbox 1823 4041 1991 4101; x_wconf 88' lang='lat' dir='ltr'><strong>omni</strong></span> <span class='ocrx_word' id='word_1_256' title='bbox 2049 4042 2493 4119; x_wconf 76' lang='lat' dir='ltr'><strong>procur-acione</strong></span> <span class='ocrx_word' id='word_1_257' title='bbox 2549 4061 2672 4121; x_wconf 91' lang='lat' dir='ltr'><strong>que</strong></span> <span class='ocrx_word' id='word_1_258' title='bbox 2728 4052 2973 4121; x_wconf 88' lang='lat' dir='ltr'><strong>spectet</strong></span> <span class='ocrx_word' id='word_1_259' title='bbox 3030 4046 3131 4103; x_wconf 84' lang='lat' dir='ltr'><strong>vel</strong></span> 
     </span>
     <span class='ocr_line' id='line_1_31' title="bbox 660 4146 3131 4226; baseline 0.002 -19"><span class='ocrx_word' id='word_1_260' title='bbox 660 4154 942 4226; x_wconf 84' lang='lat' dir='ltr'><strong>spectare</strong></span> <span class='ocrx_word' id='word_1_261' title='bbox 981 4147 1180 4224; x_wconf 89' lang='lat' dir='ltr'><strong>possit</strong></span> <span class='ocrx_word' id='word_1_262' title='bbox 1223 4146 1304 4205; x_wconf 88' lang='lat' dir='ltr'><strong>ad</strong></span> <span class='ocrx_word' id='word_1_263' title='bbox 1346 4146 1728 4225; x_wconf 85' lang='lat' dir='ltr'><strong>Episcopum</strong></span> <span class='ocrx_word' id='word_1_264' title='bbox 1778 4148 2305 4208; x_wconf 79' lang='lat' dir='ltr'><strong>Herefordensem</strong></span> <span class='ocrx_word' id='word_1_265' title='bbox 2348 4148 2660 4209; x_wconf 86' lang='lat' dir='ltr'><strong>visitando</strong></span> <span class='ocrx_word' id='word_1_266' title='bbox 2704 4151 3003 4211; x_wconf 87' lang='lat' dir='ltr'><strong>ecclesias</strong></span> <span class='ocrx_word' id='word_1_267' title='bbox 3044 4150 3131 4211; x_wconf 86' lang='lat' dir='ltr'><strong>ad</strong></span> 
     </span>
     <span class='ocr_line' id='line_1_32' title="bbox 661 4251 3129 4334; baseline 0.002 -22"><span class='ocrx_word' id='word_1_268' title='bbox 661 4252 901 4312; x_wconf 87' lang='lat' dir='ltr'><strong>dictum</strong></span> <span class='ocrx_word' id='word_1_269' title='bbox 956 4251 1408 4311; x_wconf 85' lang='lat' dir='ltr'><strong>Monasterium</strong></span> <span class='ocrx_word' id='word_1_270' title='bbox 1451 4253 1838 4330; x_wconf 88' lang='lat' dir='ltr'><strong>pertinentes</strong></span> <span class='ocrx_word' id='word_1_271' title='bbox 1880 4254 1945 4312; x_wconf 91' lang='lat' dir='ltr'><strong>in</strong></span> <span class='ocrx_word' id='word_1_272' title='bbox 1990 4253 2220 4313; x_wconf 91' lang='lat' dir='ltr'><strong>diocesi</strong></span> <span class='ocrx_word' id='word_1_273' title='bbox 2268 4252 2733 4314; x_wconf 86' lang='lat' dir='ltr'><strong>Herefordensi.</strong></span> <span class='ocrx_word' id='word_1_274' title='bbox 2822 4254 2901 4313; x_wconf 91' lang='lat' dir='ltr'><strong>In</strong></span> <span class='ocrx_word' id='word_1_275' title='bbox 2943 4255 3129 4334; x_wconf 81' lang='lat' dir='ltr'><strong>cujus</strong></span> 
     </span>
     <span class='ocr_line' id='line_1_33' title="bbox 663 4357 3129 4438; baseline 0.002 -21"><span class='ocrx_word' id='word_1_276' title='bbox 663 4358 751 4419; x_wconf 91' lang='lat' dir='ltr'><strong>rei</strong></span> <span class='ocrx_word' id='word_1_277' title='bbox 801 4357 1201 4417; x_wconf 87' lang='lat' dir='ltr'><strong>concessione</strong></span> <span class='ocrx_word' id='word_1_278' title='bbox 1245 4370 1308 4418; x_wconf 90' lang='lat' dir='ltr'><strong>et</strong></span> <span class='ocrx_word' id='word_1_279' title='bbox 1351 4358 1829 4418; x_wconf 89' lang='lat' dir='ltr'><strong>confirmacione</strong></span> <span class='ocrx_word' id='word_1_280' title='bbox 1871 4358 2018 4418; x_wconf 90' lang='lat' dir='ltr'><strong>huic</strong></span> <span class='ocrx_word' id='word_1_281' title='bbox 2061 4359 2339 4437; x_wconf 89' lang='lat' dir='ltr'><strong>presenti</strong></span> <span class='ocrx_word' id='word_1_282' title='bbox 2384 4358 2617 4436; x_wconf 90' lang='lat' dir='ltr'><strong>scripto</strong></span> <span class='ocrx_word' id='word_1_283' title='bbox 2661 4360 2866 4438; x_wconf 85' lang='lat' dir='ltr'><strong>sigilla</strong></span> <span class='ocrx_word' id='word_1_284' title='bbox 2910 4372 3129 4421; x_wconf 78' lang='lat' dir='ltr'><strong>nostra</strong></span> 
     </span>
     <span class='ocr_line' id='line_1_34' title="bbox 663 4461 3129 4542; baseline 0.001 -19"><span class='ocrx_word' id='word_1_285' title='bbox 663 4464 925 4525; x_wconf 78' lang='lat' dir='ltr'><strong>fecimus</strong></span> <span class='ocrx_word' id='word_1_286' title='bbox 975 4462 1224 4541; x_wconf 89' lang='lat' dir='ltr'><strong>apponi.</strong></span> <span class='ocrx_word' id='word_1_287' title='bbox 1338 4461 1426 4520; x_wconf 84' lang='lat' dir='ltr'><strong>Et</strong></span> <span class='ocrx_word' id='word_1_288' title='bbox 1466 4461 1822 4523; x_wconf 86' lang='lat' dir='ltr'><strong>inhibemus</strong></span> <span class='ocrx_word' id='word_1_289' title='bbox 1864 4482 1939 4524; x_wconf 88' lang='lat' dir='ltr'><strong>ex</strong></span> <span class='ocrx_word' id='word_1_290' title='bbox 1983 4470 2161 4541; x_wconf 87' lang='lat' dir='ltr'><strong>parte</strong></span> <span class='ocrx_word' id='word_1_291' title='bbox 2205 4462 2325 4523; x_wconf 90' lang='lat' dir='ltr'><strong>Dei</strong></span> <span class='ocrx_word' id='word_1_292' title='bbox 2368 4482 2448 4522; x_wconf 91' lang='lat' dir='ltr'><strong>ne</strong></span> <span class='ocrx_word' id='word_1_293' title='bbox 2492 4462 2631 4542; x_wconf 88' lang='lat' dir='ltr'><strong>quis</strong></span> <span class='ocrx_word' id='word_1_294' title='bbox 2673 4470 2897 4523; x_wconf 91' lang='lat' dir='ltr'><strong>contra</strong></span> <span class='ocrx_word' id='word_1_295' title='bbox 2937 4466 3129 4525; x_wconf 85' lang='lat' dir='ltr'><strong>istam</strong></span> 
     </span>
     <span class='ocr_line' id='line_1_35' title="bbox 663 4567 3128 4650; baseline 0.001 -22"><span class='ocrx_word' id='word_1_296' title='bbox 663 4567 1128 4628; x_wconf 87' lang='lat' dir='ltr'><strong>concessionem</strong></span> <span class='ocrx_word' id='word_1_297' title='bbox 1159 4573 1220 4627; x_wconf 92' lang='lat' dir='ltr'><strong>et</strong></span> <span class='ocrx_word' id='word_1_298' title='bbox 1248 4568 1797 4627; x_wconf 84' lang='lat' dir='ltr'><strong>confirmacionem</strong></span> <span class='ocrx_word' id='word_1_299' title='bbox 1826 4568 2077 4629; x_wconf 87' lang='lat' dir='ltr'><strong>obviare</strong></span> <span class='ocrx_word' id='word_1_300' title='bbox 2121 4574 2445 4647; x_wconf 90' lang='lat' dir='ltr'><strong>presumat</strong></span> <span class='ocrx_word' id='word_1_301' title='bbox 2488 4568 2605 4629; x_wconf 90' lang='lat' dir='ltr'><strong>sub</strong></span> <span class='ocrx_word' id='word_1_302' title='bbox 2647 4588 2813 4647; x_wconf 90' lang='lat' dir='ltr'><strong>pena</strong></span> <span class='ocrx_word' id='word_1_303' title='bbox 2851 4570 2963 4629; x_wconf 85' lang='lat' dir='ltr'><strong>illa</strong></span> <span class='ocrx_word' id='word_1_304' title='bbox 3006 4590 3128 4650; x_wconf 88' lang='lat' dir='ltr'><strong>que</strong></span> 
     </span>
     <span class='ocr_line' id='line_1_36' title="bbox 661 4672 3134 4758; baseline 0.002 -24"><span class='ocrx_word' id='word_1_305' title='bbox 661 4693 960 4753; x_wconf 82' lang='lat' dir='ltr'><strong>expressa</strong></span> <span class='ocrx_word' id='word_1_306' title='bbox 1017 4678 1113 4733; x_wconf 90' lang='lat' dir='ltr'><strong>est</strong></span> <span class='ocrx_word' id='word_1_307' title='bbox 1168 4672 1232 4731; x_wconf 91' lang='lat' dir='ltr'><strong>in</strong></span> <span class='ocrx_word' id='word_1_308' title='bbox 1290 4678 1467 4733; x_wconf 88' lang='lat' dir='ltr'><strong>carta</strong></span> <span class='ocrx_word' id='word_1_309' title='bbox 1523 4674 1631 4733; x_wconf 91' lang='lat' dir='ltr'><strong>illa</strong></span> <span class='ocrx_word' id='word_1_310' title='bbox 1680 4692 1870 4752; x_wconf 89' lang='lat' dir='ltr'><strong>quam</strong></span> <span class='ocrx_word' id='word_1_311' title='bbox 1920 4674 2324 4752; x_wconf 82' lang='lat' dir='ltr'><strong>prediximus,</strong></span> <span class='ocrx_word' id='word_1_312' title='bbox 2378 4692 2411 4733; x_wconf 84' lang='lat' dir='ltr'><strong>a</strong></span> <span class='ocrx_word' id='word_1_313' title='bbox 2467 4674 2740 4735; x_wconf 92' lang='lat' dir='ltr'><strong>Domino</strong></span> <span class='ocrx_word' id='word_1_314' title='bbox 2790 4674 3134 4758; x_wconf 89' lang='lat' dir='ltr'><strong>G[ilberto]</strong></span> 
     </span>
     <span class='ocr_line' id='line_1_37' title="bbox 664 4777 3125 4858; baseline 0.001 -18"><span class='ocrx_word' id='word_1_315' title='bbox 664 4780 889 4850; x_wconf 84' lang='lat' dir='ltr'><strong>Foliot,</strong></span> <span class='ocrx_word' id='word_1_316' title='bbox 925 4777 1360 4858; x_wconf 88' lang='lat' dir='ltr'><strong>predecessore</strong></span> <span class='ocrx_word' id='word_1_317' title='bbox 1401 4784 1637 4851; x_wconf 88' lang='lat' dir='ltr'><strong>nostr0,</strong></span> <span class='ocrx_word' id='word_1_318' title='bbox 1683 4780 1963 4858; x_wconf 80' lang='lat' dir='ltr'><strong>sepefato</strong></span> <span class='ocrx_word' id='word_1_319' title='bbox 2008 4779 2396 4841; x_wconf 84' lang='lat' dir='ltr'><strong>Monasterio</strong></span> <span class='ocrx_word' id='word_1_320' title='bbox 2440 4779 2727 4841; x_wconf 79' lang='lat' dir='ltr'><strong>coniecta</strong></span> <span class='ocrx_word' id='word_1_321' title='bbox 2767 4787 2831 4841; x_wconf 90' lang='lat' dir='ltr'><strong>et</strong></span> <span class='ocrx_word' id='word_1_322' title='bbox 2872 4782 3125 4843; x_wconf 73' lang='lat' dir='ltr'><strong>collata.</strong></span> 
     </span>
     <span class='ocr_line' id='line_1_38' title="bbox 666 4883 1602 4962; baseline -0.002 -15"><span class='ocrx_word' id='word_1_323' title='bbox 666 4887 855 4947; x_wconf 80' lang='lat' dir='ltr'><strong>Teste</strong></span> <span class='ocrx_word' id='word_1_324' title='bbox 885 4890 1020 4945; x_wconf 87' lang='lat' dir='ltr'><strong>toto</strong></span> <span class='ocrx_word' id='word_1_325' title='bbox 1051 4883 1339 4962; x_wconf 86' lang='lat' dir='ltr'><strong>Capitulo</strong></span> <span class='ocrx_word' id='word_1_326' title='bbox 1367 4892 1602 4945; x_wconf 91' lang='lat' dir='ltr'><strong>nostro.</strong></span> 
     </span>
    </p>
   </div>
   <div class='ocr_carea' id='block_1_5' title="bbox 3383 4698 3387 5300">
    <p class='ocr_par' dir='ltr' id='par_1_5' title="bbox 3383 4698 3387 5300">
     <span class='ocr_line' id='line_1_39' title="bbox 3383 4698 3387 5300; baseline 0 0"><span class='ocrx_word' id='word_1_327' title='bbox 3383 4698 3387 5300; x_wconf 95' lang='lat' dir='ltr'><strong> </strong></span> 
     </span>
    </p>
   </div>
  </div>
 </body>
</html>
