3459 5617
70 3184 191 3225 1³01.

1285 489 1583 569 Episcopi
1639 488 2122 568 Heresordemis.
2649 466 2652 471 ¹
2816 489 2934 548 129

456 713 754 773 omnium
796 717 1130 793 parentum
1172 718 1237 773 et
1277 711 1746 773 benefactorum
1784 717 2160 783 nostrorum,
2207 712 2613 792 omniumque
2659 712 2936 773 fidelium

465 818 935 889 defunctorum,
980 824 1223 898 septem
1264 822 1619 879 carrucatas
1661 823 1825 878 terre
1867 838 2023 897 quas
2065 817 2509 897 acquisivimus
2551 818 2616 876 in
2662 820 2940 879 manerio

464 928 537 984 et
598 923 897 1003 parochia
974 923 1052 983 de
1115 923 1388 982 Hamme
1449 922 1638 1000 Lacy,
1701 921 1992 983 videlicet
2053 929 2250 983 terras
2313 943 2470 1002 quas
2531 924 2797 984 emimus
2859 924 2941 984 ab

458 1030 711 1091 Abbate
780 1036 845 1092 et
908 1030 1238 1091 Conventu
1299 1030 1375 1089 de
1439 1028 1832 1101 Lavendene‚
1897 1034 1962 1089 et
2023 1034 2253 1089 terram
2315 1050 2502 1109 quam
2567 1030 2834 1090 emimus
2898 1051 2935 1090 a

462 1137 776 1215 magistro
814 1135 1131 1197 Willelmo
1168 1135 1246 1195 de
1283 1134 1549 1205 Batone,
1589 1133 1815 1194 clerico
1851 1140 2085 1204 nostr0,
2129 1138 2194 1194 et
2235 1139 2432 1194 terras
2474 1154 2630 1213 quas
2671 1136 2941 1195 emimus

462 1262 509 1301 a
547 1242 763 1302 Priore
822 1241 900 1302 de
938 1240 1301 1302 Crasswelle
1365 1245 1431 1301 et
1486 1240 1769 1318 ejusdem
1825 1240 1944 1301 loci
2001 1239 2294 1301 fratribus
2351 1241 2604 1301 Ordinis
2660 1241 2936 1302 Grande-

462 1346 841 1416 montensis,
910 1366 1054 1405 cum
1117 1345 1367 1425 capitali
1430 1346 1750 1425 mesuagio
1813 1350 1876 1405 et
1935 1346 2073 1407 aliis
2135 1346 2487 1426 mesuagiis,
2531 1347 2821 1426 grangiiS,
2877 1353 2942 1408 et

472 1452 775 1513 omnibus
838 1451 976 1512 aliis
1038 1451 1314 1522 edificiis,
1379 1456 1518 1523 etc.,
1582 1451 1945 1523 redditibus,
2007 1452 2368 1513 nemoribus
2428 1457 2494 1512 et
2547 1453 2944 1525 molendinis,

462 1557 769 1637 gardinis,
828 1557 1102 1627 vinariis,
1161 1557 1463 1637 piscariis,
1537 1558 1796 1637 stagnis,
1867 1558 2127 1628 rivariis,
2191 1557 2405 1636 pratiS,
2468 1558 2736 1637 pascuiS,
2800 1559 2936 1629 viis,

462 1663 733 1733 semitis,
791 1669 857 1723 et
911 1662 1202 1723 omnibus
1258 1663 1397 1723 aliis
1447 1663 1853 1733 aisiamentiS,
1917 1667 1982 1723 et
2039 1661 2330 1723 omnibus
2385 1662 2692 1742 homagiis
2748 1663 2938 1724 libere

459 1768 831 1829 tenencium
886 1774 951 1829 et
1012 1788 1140 1829 non
1193 1768 1384 1828 libere
1442 1768 1819 1839 tenencium,
1890 1772 1954 1828 et
2025 1767 2380 1847 specialiter
2441 1788 2582 1827 cum
2645 1768 2937 1848 homagio

464 1875 713 1936 domini
763 1875 1024 1935 Henrici
1074 1875 1151 1935 de
1206 1874 1473 1935 Bradele
1528 1880 1591 1934 et
1645 1874 1947 1934 heredum
2003 1893 2278 1942 suorum,
2337 1877 2400 1933 et
2455 1873 2746 1933 omnibus
2801 1874 2944 1935 aliis

468 1981 663 2042 rebus
739 1985 804 2041 et
879 1979 1271 2041 libertatibus
1341 1984 1405 2039 et
1472 1978 1684 2039 liberis
1754 1976 2329 2048 consuetudinibus,
2401 1982 2532 2037 tam
2600 1978 2944 2039 nominatis

467 2108 666 2167 quam
735 2107 865 2147 non
932 2084 1290 2153 nominatis,
1361 2084 1441 2144 ad
1510 2103 1728 2144 omnes
1797 2083 2110 2163 predictas
2179 2088 2377 2143 terras
2444 2084 2938 2163 pertinentibus;

470 2192 652 2253 salvo
692 2191 873 2251 nobis
915 2196 979 2251 et
1020 2189 1482 2251 successoribus
1523 2189 1757 2249 nostris
1813 2189 1889 2249 de
1931 2188 2116 2248 dictis
2158 2188 2340 2249 terris
2381 2189 2639 2268 antiquo
2681 2189 2942 2249 servicio

462 2296 685 2358 debito
743 2304 809 2357 et
856 2300 1173 2356 consueto.
1286 2294 1592 2355 Dedimus
1640 2294 1856 2365 eciam,
1907 2299 2046 2365 etc„
2095 2298 2364 2373 quatuor
2408 2294 2597 2355 libras
2652 2295 2936 2375 sterling-

470 2423 660 2464 orum
702 2401 895 2462 annui
936 2401 1215 2461 redditus
1258 2420 1412 2480 quas
1454 2400 1683 2460 debent
1725 2399 1906 2460 nobis
1942 2400 2122 2461 Prior
2163 2405 2227 2461 et
2269 2400 2631 2461 Conventus
2677 2402 2944 2479 [Sancti]

470 2508 731 2569 Gutlaci
760 2506 1127 2567 Herefordie
1164 2526 1277 2585 pro
1316 2505 1692 2567 molendinis
1730 2505 2102 2567 Herefordie
2139 2526 2260 2586 que
2297 2506 2566 2567 emimus
2603 2513 2666 2567 et
2703 2507 2940 2567 eisdem

466 2615 555 2673 ad
598 2614 841 2673 firmam
880 2618 1249 2691 perpetuam
1287 2611 1729 2672 concessimus.
1815 2610 1901 2671 Et
1939 2611 2085 2691 quia
2112 2612 2288 2691 pium
2327 2617 2423 2672 est
2458 2611 2836 2691 pauperibus
2872 2612 2940 2671 in

464 2718 869 2781 necessitatis
906 2723 1187 2797 tempore
1226 2717 1573 2787 subvenire,
1612 2718 1921 2788 volumuS,
1955 2722 2020 2777 et
2057 2718 2134 2778 de
2173 2737 2484 2778 consensu
2518 2718 2937 2796 predictorum

468 2825 719 2885 Decani
773 2830 837 2885 et
893 2823 1165 2903 Capituli
1219 2823 1597 2893 ordinamus,
1655 2822 1823 2903 quod
1883 2842 1998 2901 pro
2051 2822 2348 2902 predictis
2404 2822 2693 2883 omnibus
2748 2822 2938 2883 iidem

422 2978 445 2993 .
466 2932 772 2991 Decanus
816 2935 879 2991 et
924 2928 1284 3008 Capitulum
1329 2928 1631 2989 ducentas
1680 2934 1745 2989 et
1789 2928 2200 3008 quadraginta
2244 2948 2524 2989 summas
2568 2929 2706 2989 duri
2750 2929 2936 3002 bladi,

466 3036 765 3097 videlicet
808 3035 955 3096 boni
999 3034 1366 3095 mixtilionis
1416 3034 1742 3094 annuatim
1786 3034 2164 3114 pauperibus
2209 3040 2482 3113 erogent,
2549 3039 2613 3095 et
2660 3036 2726 3093 in
2773 3056 2940 3115 pane

468 3141 857 3202 distribuant
895 3141 959 3200 in
994 3141 1200 3201 Domo
1236 3140 1595 3220 Episcopali
1636 3139 2082 3200 Herefordensi
2121 3139 2364 3200 duobus
2411 3140 2560 3199 anni
2599 3140 2939 3212 mensibuS,

470 3248 545 3306 in
611 3246 649 3305 J
653 3246 800 3307 unio
860 3245 1097 3306 scilicet
1158 3250 1223 3306 et
1282 3246 1323 3306 J
1324 3246 1471 3317 ulio,
1535 3246 1625 3305 ita
1681 3245 1847 3324 quod
1905 3244 2073 3305 dicta
2130 3243 2494 3305 distribucio
2551 3244 2662 3304 fiat
2721 3250 2816 3305 ter
2873 3245 2937 3305 in

472 3353 756 3435 qualibet
794 3352 1143 3432 septimana
1181 3352 1446 3413 duorum
1480 3352 1792 3412 mensium
1824 3352 2264 3431 predictorum,
2295 3356 2360 3411 et
2393 3350 2647 3411 cuilibet
2679 3351 2938 3430 pauperi

472 3458 758 3519 venienti
796 3458 977 3518 detur
1013 3457 1287 3536 qualibet
1334 3457 1480 3535 [die]
1525 3456 1724 3535 ipsius
1762 3456 2227 3517 distribucionis
2263 3456 2446 3535 panis
2482 3461 2658 3515 tante
2691 3456 2938 3535 quanti-

470 3564 635 3625 tatis
678 3564 844 3644 quod
886 3582 963 3623 ex
1004 3582 1079 3624 eo
1120 3562 1323 3642 possit
1366 3582 1477 3641 per
1520 3582 1713 3621 unam
1757 3562 1924 3621 diem
1967 3560 2292 3621 commode
2334 3561 2708 3631 sustentari3
2765 3566 2829 3621 et
2870 3561 2936 3619 in

474 3669 757 3749 qualibet
814 3667 1164 3747 septimana
1218 3668 1527 3728 dictorum
1570 3666 1900 3736 mensium,
1951 3666 2217 3726 durante
2257 3666 2424 3726 dicta
2472 3666 2935 3738 distribucione,

472 3776 595 3836 fiat
626 3774 895 3855 provisio
932 3778 1294 3863 competens
1322 3780 1387 3834 et
1424 3774 1738 3834 sufficiens
1775 3792 1888 3852 per
1916 3792 2106 3831 unam
2145 3772 2309 3833 diem
2341 3772 2408 3831 in
2445 3792 2608 3851 pane
2644 3772 2942 3833 fratribus

474 3881 825 3943 minoribus
876 3880 1242 3941 Herefordie
1296 3879 1732 3941 residentibus,
1844 3878 1930 3939 Et
1987 3878 2040 3939 si
2094 3878 2254 3939 forte
2309 3878 2640 3958 contigerit
2693 3883 2936 3938 tantam

474 3987 947 4048 multitudinem
1009 4005 1351 4064 pauperum
1415 3985 1495 4045 ad
1562 3984 2072 4046 distribucionem
2143 3984 2565 4063 supradictam
2627 3981 2941 4044 confluere

472 4094 647 4174 quod
706 4112 835 4152 non
895 4095 1110 4170 posset
1170 4090 1533 4151 distribucio
1594 4109 1792 4169 usque
1855 4089 1934 4148 ad
1994 4087 2186 4148 finem
2247 4088 2557 4147 dictorum
2625 4087 2936 4148 mensium

472 4198 712 4279 perfici,
760 4203 833 4257 ut
887 4202 985 4257 est
1040 4196 1296 4267 dictum,
1354 4194 1465 4256 fiat
1520 4195 1866 4256 secundum
1922 4194 2186 4253 formam
2241 4193 2585 4272 predictam
2639 4193 2939 4273 quamdiu

474 4305 745 4367 sufficiet
801 4302 1038 4363 dictum
1094 4302 1363 4362 bladum.
1484 4302 1571 4361 Et
1626 4300 1833 4380 siquid
1889 4304 2034 4379 post
2090 4299 2291 4360 dictos
2347 4299 2503 4359 duos
2558 4319 2806 4360 menses
2861 4299 2937 4359 de

474 4412 650 4471 dicto
693 4408 875 4470 blado
920 4408 1239 4469 residuum
1283 4407 1487 4478 fuerit,
1538 4406 1949 4468 distribuatur
1996 4405 2062 4464 in
2112 4404 2634 4484 subsequentibus
2682 4405 2936 4484 septim-

475 4515 639 4577 anis.
749 4514 1055 4575 Volumus
1099 4513 1299 4573 eciam
1344 4519 1408 4573 et
1452 4512 1814 4572 ordinamus
1856 4511 2024 4591 quod
2065 4510 2358 4571 fratribus
2400 4510 2476 4571 de
2519 4509 2940 4571 Crassewelle¹

476 4621 821 4703 quingente
873 4640 1080 4681 marce
1138 4620 1461 4681 solvantur
1515 4620 1592 4680 de
1636 4619 1906 4699 pecunia
1953 4624 2170 4680 nostra
2225 4617 2278 4678 si
2333 4617 2575 4697 quitare
2629 4618 2939 4679 voluerint

630 4782 796 4823 l-The
824 4779 991 4821 monks
1015 4780 1067 4821 of
1091 4780 1318 4822 craswell
1345 4792 1519 4827 appear
1544 4784 1596 4821 to
1622 4779 1744 4821 have
1771 4778 1996 4827 accepted
2021 4779 2104 4820 the
2127 4782 2280 4819 ter-ms
2307 4778 2416 4820 here
2443 4777 2684 4825 proposed.
2764 4778 2816 4818 In
2847 4780 2948 4819 15³9

474 4834 561 4874 the
586 4837 741 4874 estate
766 4843 871 4874 was
896 4831 1054 4872 leased
1096 4830 1155 4878 by
1190 4831 1273 4872 the
1309 4832 1441 4871 Dean
1476 4829 1569 4872 and
1604 4831 1815 4877 chapter
1848 4829 1924 4871 for
1960 4831 2033 4870 198
2065 4840 2206 4877 years
2241 4832 2293 4870 at
2328 4840 2356 4869 a
2391 4827 2608 4869 teser-ved
2644 4830 2749 4868 rent
2783 4826 2834 4867 of
2867 4828 2944 4869 six

472 4882 716 4979 εὲὲιὲἱὲὲε
742 4882 879 4973 f‘ffsshss
904 4880 1207 4972 ξιοιίιέἑιιτξιοη.
1234 4879 1473 4927 grandson
1498 4880 1549 4922 of
1574 4881 1656 4922 the
1680 4880 1880 4927 original
1907 4880 2072 4926 lessee,
2103 4886 2222 4925 gave
2247 4878 2329 4919 the
2355 4877 2502 4919 tithes
2527 4876 2578 4917 of
2605 4877 2869 4925 Fownhope
2894 4877 2943 4919 in
