3459 5617
5 4682 8 4711 =
78 4651 175 4693 Pol.
202 4650 293 4693 (Bb.

1202 513 1503 593 Episcopi
1555 513 2038 593 Herefordensis.
2729 517 2850 577 285

378 738 651 798 duorum
706 757 785 797 ex
850 739 961 807 eis,
1032 739 1465 808 citacionibus,
1539 739 2034 810 cohercionibus,
2105 741 2436 819 preceptis,
2509 741 2848 801 sentenciis

378 850 441 905 et
496 843 771 903 decretis
827 843 895 903 in
952 843 1233 923 qualibet
1290 851 1490 922 parte,
1545 844 1826 922 quolibet
1885 845 2149 904 articulo
2211 852 2275 905 et
2342 856 2580 925 puncto
2649 846 2848 925 ipsius

378 949 693 1009 examinis
764 958 829 1009 et
898 948 1137 1008 arbitrii
1207 948 1613 1027 adquiescent
1672 950 1928 1027 penitus
1985 960 2050 1008 et
2106 951 2452 1027 parebunt;
2523 960 2848 1011 reservata

379 1074 631 1133 semper
690 1059 1005 1132 potestate
1062 1052 1299 1113 eisdem
1361 1052 1693 1131 Episcopis
1750 1053 1886 1113 loco
1944 1054 2387 1115 decedencium
2444 1056 2844 1126 arbitrorum,

378 1180 493 1221 seu
542 1160 673 1220 alia
720 1177 919 1219 causa
959 1159 1271 1236 legittima
1310 1158 1752 1236 impeditorum
1803 1159 2140 1238 quominus
2183 1159 2510 1219 arbitrium
2552 1160 2846 1239 expedire

376 1269 637 1328 valeant
671 1274 1113 1337 memoratum,
1144 1265 1567 1326 substituendi
1608 1266 1766 1325 alios
1806 1286 1964 1346 quos
2004 1266 2298 1326 duxerint
2339 1268 2678 1346 eligendos.
2763 1268 2846 1327 In

377 1372 545 1431 hanc
582 1372 852 1431 formam
888 1369 1130 1430 arbitrii
1166 1370 1692 1448 compromissarii
1726 1370 1990 1449 sepefati
2027 1372 2326 1451 Episcopi
2365 1384 2842 1445 consenserunt,

375 1478 825 1557 promittentes
882 1496 997 1555 per
1051 1475 1531 1554 stipulacionem
1588 1475 1934 1554 legitimam
1997 1496 2064 1537 se
2125 1484 2571 1555 procuraturos
2639 1479 2846 1556 ipsam

374 1584 755 1643 communiri
798 1581 1231 1661 Capitulorum
1274 1600 1529 1641 suorum
1571 1582 1809 1660 sigillis,
1853 1583 2360 1663 integraliterque
2402 1584 2839 1645 observaturos

374 1690 544 1750 bona
597 1689 743 1759 fide,
794 1689 1031 1767 absque
1084 1688 1249 1757 dolo,
1302 1687 1539 1758 fraude,
1590 1695 1655 1746 et
1710 1688 1980 1765 ingeui0,
2023 1689 2238 1748 omnia
2286 1695 2351 1747 et
2401 1688 2646 1767 singula
2693 1709 2839 1750 con-

374 1802 553 1856 tenta
602 1796 668 1854 in
716 1814 797 1854 ea
842 1796 1093 1873 pariter,
1144 1800 1209 1853 et
1257 1793 1426 1873 quod
1466 1813 1543 1853 ea
1590 1793 1793 1854 modis
1835 1794 2125 1854 omnibus
2167 1794 2301 1855 fieri
2343 1802 2406 1854 et
2445 1794 2658 1873 perfici
2699 1814 2840 1873 pro·

375 1903 711 1973 curabunt,
762 1901 882 1961 sub
928 1920 1097 1979 pena
1142 1910 1397 1959 centum
1445 1899 1746 1960 librarum
1789 1920 1828 1959 a
1867 1909 2046 1977 parte
2096 1918 2223 1959 non
2271 1907 2667 1978 procurante,
2715 1920 2842 1960 non

374 2007 773 2077 observante,
818 2024 932 2065 seu
973 2025 1099 2065 non
1142 2012 1419 2083 parente,
1452 2004 1889 2064 solvendarum
1931 2005 2098 2083 parti
2139 2005 2520 2065 contrarium
2563 2005 2842 2067 facienti.

374 2114 466 2173 Et
524 2115 579 2173 si
634 2113 981 2191 contingat,
1029 2112 1197 2190 quod
1254 2111 1435 2181 absit,
1486 2111 1603 2171 hec
1656 2112 1982 2190 premissa,
2032 2118 2144 2171 aut
2199 2132 2416 2171 eorum
2473 2112 2704 2192 aliqua,
2747 2113 2842 2173 ita

374 2239 503 2279 non
562 2220 717 2289 fieri,
763 2226 835 2278 ut
890 2218 971 2278 ob
1028 2218 1149 2276 hoc
1194 2237 1307 2296 per
1354 2217 1605 2277 eosdem
1656 2226 1785 2277 tres
1835 2217 2123 2290 arbitros,
2169 2225 2280 2278 aut
2337 2218 2495 2278 duos
2543 2238 2622 2279 ex
2663 2219 2839 2297 ipsis,

373 2325 577 2385 eciam
618 2325 1123 2405 quandocunque
1163 2334 1306 2403 post
1350 2324 1640 2383 ultimum
1684 2324 1850 2383 diem
1895 2324 2152 2383 finiendi
2193 2325 2432 2384 arbitrii
2487 2344 2653 2403 pena
2694 2345 2834 2404 pro·

374 2433 713 2491 nuncietur
766 2450 879 2491 seu
932 2430 1179 2491 dicatur
1232 2430 1585 2499 commissa,
1630 2429 1707 2489 lis
1756 2430 2052 2489 inchoata
2106 2449 2320 2490 coram
2379 2430 2592 2491 Priore
2651 2430 2836 2491 Beati

374 2536 659 2598 Oswaldi
700 2538 765 2595 in
810 2535 1207 2596 Gloucestria
1246 2554 1363 2595 suo
1408 2536 1611 2594 Marte
1651 2535 1962 2606 decurrat,
2008 2542 2070 2596 et
2115 2537 2332 2597 eedem
2374 2542 2588 2615 partes
2629 2556 2842 2598 coram

375 2644 601 2704 eodem
643 2643 878 2713 Priore,
910 2644 977 2701 iu
1018 2660 1135 2702 suo
1173 2642 1484 2713 Prioratu,
1516 2641 1709 2700 tercio
1751 2642 1850 2701 die
1891 2642 2157 2720 juridico
2197 2648 2342 2721 post
2376 2642 2543 2702 diem
2578 2642 2840 2702 finiendi

376 2749 621 2811 arbirii
679 2767 1047 2827 expressum
1108 2748 1396 2826 superius
1449 2754 1874 2826 compareant,
1937 2748 2290 2825 processuri
2352 2754 2536 2826 prout
2596 2748 2842 2825 justum

374 2855 566 2915 fuerit
624 2854 689 2913 in
747 2854 1005 2925 eadem;
1068 2853 1315 2913 salvum
1373 2859 1586 2913 tamen
1642 2852 1724 2912 sit
1765 2853 1933 2931 parti
1976 2853 2230 2913 Domini
2279 2855 2650 2914 Assavensis
2691 2854 2842 2934 Epi-

372 2960 548 3040 scopi
592 2961 731 3031 hoc,
785 2959 953 3040 quod
1009 2959 1161 3019 dicit
1210 2978 1279 3018 se
1326 2978 1451 3017 non
1501 2959 1854 3019 consentire
1904 2960 1969 3018 in
2018 2960 2205 3031 diem,
2250 2960 2511 3039 judiceS,
2563 2970 2628 3021 et
2686 2961 2840 3024 loca.

372 3066 454 3127 In
511 3066 696 3144 cujus
749 3068 841 3126 rei
897 3065 1349 3135 testimouium,
1408 3064 1599 3142 hujus
1651 3064 2080 3137 instrumenti,
2132 3066 2400 3125 confecti
2459 3068 2523 3126 in
2579 3066 2840 3127 modum

372 3171 768 3251 cyrographi,
801 3189 932 3231 una
967 3189 1117 3249 pars
1158 3169 1362 3248 sigilla
1403 3168 1657 3229 Domini
1701 3169 2000 3249 Episcopi
2044 3170 2416 3231 Assavensis
2458 3177 2521 3232 et
2563 3172 2842 3251 Capituli

374 3278 497 3338 loci
552 3277 861 3356 ejusdem,
919 3295 1164 3336 necnon
1221 3275 1609 3335 Venerabilis
1657 3275 1867 3336 Patris
1919 3276 2172 3336 Domini
2229 3277 2304 3337 W
2325 3277 2588 3356 [illelmi]
2613 3326 2628 3350 ,
2684 3278 2844 3340 Nor-

374 3383 689 3464 wycensis
722 3382 1042 3461 Episcopi,
1075 3381 1357 3459 magistri
1391 3381 1628 3441 Thome
1662 3381 1856 3453 Beke,
1892 3382 2292 3442 Thesaurarii
2332 3384 2588 3444 Domini
2627 3384 2840 3463 Regis,

374 3489 615 3550 Prioris
675 3487 1085 3548 Provincialis
1142 3487 1372 3566 prefati
1430 3486 1648 3565 sigillis
1706 3487 1956 3565 signata
2012 3493 2296 3549 remanet
2354 3506 2550 3567 penes
2601 3489 2843 3550 dictum

374 3594 908 3655 Herefordensem
978 3593 1389 3672 Episcopum,
1462 3600 1525 3652 et
1594 3593 1795 3652 altera
1859 3612 2005 3672 pars
2075 3593 2292 3671 sigillis
2362 3594 2512 3653 dicti
2585 3596 2842 3655 Domini

375 3700 677 3779 Episcopi
720 3698 1205 3760 Herefordensis
1249 3704 1313 3758 et
1357 3696 1633 3777 Capituli
1680 3698 1800 3757 loci
1845 3697 2129 3775 ejusdem
2173 3699 2440 3777 signata,
2487 3719 2731 3761 necnon
2775 3712 2840 3761 et

376 3806 774 3868 Venerabilis
846 3804 1102 3864 Domini
1174 3804 1250 3863 W
1273 3804 1535 3881 [illelmi]
1560 3850 1573 3875 ,
1646 3804 2089 3882 Norwycensis
2165 3805 2482 3883 Episcopi,
2557 3807 2838 3885 magistri

376 3912 619 3973 Thome
662 3911 855 3983 Beke,
900 3910 1297 3971 Thesaurarii
1341 3910 1599 3969 Domini
1640 3909 1848 3987 Regis,
1882 3916 1946 3969 et
1986 3909 2222 3971 Prioris
2250 3911 2662 3973 Provincialis
2703 3932 2840 3992 pre-

376 4017 495 4079 fati
540 4017 794 4096 signata
834 4024 1162 4075 remaneat
1204 4035 1398 4094 penes
1438 4015 1677 4075 dictum
1722 4016 2066 4075 Dominum
2113 4019 2545 4079 Assavensem.

381 4276 535 4355 July
575 4274 932 4337 23.--Jo}m
970 4275 1041 4352 of
1091 4274 1415 4351 salisburg!
1459 4274 1587 4334 and
1633 4274 1862 4335 Robert
1905 4276 1978 4335 de
2029 4276 2093 4335 la
2139 4276 2340 4337 Grave
2369 4297 2476 4338 are
2504 4280 2838 4357 appointed

622 4358 909 4498 ‘fg-eogere
952 4362 1011 4416 to
1048 4362 1357 4434 represent
1395 4355 1492 4415 the
1535 4356 1768 4435 Bishop
1813 4355 2008 4419 before
2054 4357 2152 4417 the
2201 4358 2576 4419 Arbitrators
2615 4361 2836 4421 named

538 4596 1099 4654 Pnocusnomtm
1171 4610 1255 4651 AD
1326 4610 1492 4652 mim
1560 4594 2230 4654 suecorum—Pateat
2299 4596 2610 4656 universis
2675 4599 2843 4678 quod

377 4720 513 4773 nos,
558 4700 859 4770 ThomaS,
890 4698 1299 4759 miseracione
1340 4698 1553 4758 divina
1594 4698 2076 4759 Herefordensis
2117 4700 2492 4779 Episcopus,
2535 4702 2602 4761 in
2643 4722 2840 4764 causa

379 4806 623 4869 arbitrii
664 4804 1191 4883 compromissarii
1236 4823 1357 4883 que
1396 4804 1563 4865 inter
1604 4823 1741 4874 noe,
1785 4824 1862 4865 ex
1905 4812 2086 4882 parte
2127 4825 2274 4876 una,
2306 4814 2370 4866 et
2403 4806 2838 4869 venerabilem

383 4915 642 4975 Patrem
684 4910 1031 4971 Dominum
1073 4911 1489 4970 Assavensem
1524 4910 1930 4989 Episcopum,
1961 4931 2173 4972 coram
2205 4914 2507 4992 magistro
2541 4914 2842 4993 Gregorio
