3459 5617
651 495 732 554 22
1315 495 1670 573 Reqistrum
1725 496 1945 557 Thome
1998 496 2071 557 de
2128 496 2460 576 Cantilupo

647 718 805 778 Nov.
849 721 906 778 4.
909 719 1226 780 ——Grants
1259 718 1410 857 ΞΓΡ
1363 718 1652 798 pensione
1694 721 1765 792 of
1801 726 2020 797 twenty
2064 727 2122 781 ιο
2150 722 2324 799 sorty
2356 720 2645 799 skillinqs
2688 730 2748 783 ιο
2792 723 2995 785 Hamo
3034 724 3110 786 de

896 800 960 859 Za
1000 801 1213 871 Bao-re,
1319 800 1424 859 lan
1477 799 1550 860 de
1600 800 1817 879 Walky
1820 800 2026 871 nham,
2078 801 2359 861 William
2398 802 2471 861 de
2529 804 2743 875 Stowe,
2792 804 2997 865 Adam
3034 806 3109 867 de

894 880 1182 1021 sszzgribpe,
1253 880 1381 941 and
1450 880 1618 940 John
1676 880 1750 941 de
1779 820 2163 959 yHouqhton,
2225 882 2543 943 advocates
2603 884 2676 963 of
2731 884 2829 945 the
2889 886 3111 964 Kinq's

817 1090 921 1150 ΒΕ
957 1091 1466 1153 ΝΑΒΒΑΤοΒιΒυε
1501 1110 1568 1151 m
1602 1093 2227 1155 smum—Omnibus
2261 1093 2496 1155 Christi
2529 1054 2819 1157 fidelibus
2852 1116 3111 1175 presens

650 1198 957 1275 scriptum
1003 1198 1230 1259 visuris
1280 1198 1381 1259 vel
1431 1198 1743 1260 audituris
1792 1199 2089 1271 Thomas,
2141 1206 2261 1261 etc.
2371 1202 2430 1262 N
2435 1202 2691 1263 overitis
2741 1221 2859 1264 nos
2906 1205 3109 1265 teneri

649 1304 932 1364 Hamoni
976 1303 1052 1364 de
1096 1303 1158 1364 la
1199 1304 1416 1377 Barre,
1461 1322 1576 1383 pro
1617 1304 1910 1383 homagio
1951 1311 2015 1367 et
2058 1305 2319 1367 servicio
2362 1326 2497 1379 su0,
2528 1307 2594 1367 in
2632 1308 2854 1385 viginti
2894 1308 3111 1371 solidis

650 1410 845 1469 annui
895 1409 1198 1481 redditus,
1243 1410 1614 1488 recipiendis
1666 1411 1995 1471 annuatim
2041 1411 2118 1471 de
2168 1411 2433 1473 Camers.
2482 1418 2702 1473 nostra
2745 1413 2829 1474 ad
2876 1414 3109 1476 festum

655 1515 872 1577 Sancti
929 1516 1280 1588 Michaelis,
1332 1517 1500 1596 apud
1556 1516 2213 1589 westmonasterium,
2272 1518 2352 1578 ad
2404 1524 2607 1579 totam
2661 1520 2855 1580 vitam
2911 1520 3109 1599 ipsius

649 1620 982 1681 Hamonis.
1071 1619 1150 1681 In
1192 1621 1374 1699 cujus
1416 1620 1524 1693 rei,
1566 1627 1684 1682 etc.
1774 1622 2012 1682 Datum
2057 1622 2422 1695 Londoniis,
2459 1623 2560 1684 die
2602 1624 2783 1686 Lune
2824 1626 3109 1704 proxima

646 1724 792 1798 post
849 1718 1084 1779 festum
1141 1718 1442 1780 Omnium
1501 1719 1897 1792 Sanctorum,
1948 1738 2115 1780 anno
2164 1721 2337 1799 regni
2388 1721 2574 1799 Regis
2622 1722 2944 1796 Edwardi,
2994 1724 3107 1784 filii

648 1826 840 1904 Regis
882 1827 1164 1898 Henrici,
1210 1826 1421 1887 tercio·
1506 1827 1748 1887 Eodem
1799 1827 1986 1887 modo
2026 1832 2276 1887 tenetur
2319 1828 2521 1888 Alano
2558 1828 2635 1888 de
2675 1829 3105 1908 Walkynham

647 1924 714 1985 in
763 1922 1176 2003 quadraginta
1223 1924 1479 1995 solidis;
1550 1924 1857 1985 Willelmo
1899 1924 1977 1985 de
2028 1924 2243 1985 Stowa
2293 1925 2357 1983 in
2402 1922 2619 2003 viginti
2662 1927 2913 1999 solidis;
2974 1928 3105 1988 Ade

646 2020 726 2082 de
790 2020 1066 2081 Arderne
1126 2020 1192 2080 in
1258 2020 1480 2099 viginti
1546 2020 1798 2093 solidis3
1864 2021 2142 2083 «Iohanni
2204 2021 2281 2081 de
2346 2022 2695 2083 Houhtone
2756 2022 2823 2083 in
2886 2023 3105 2103 viginti

647 2118 884 2190 solidis,
930 2117 1049 2178 sub
1100 2117 1322 2179 eadem
1373 2118 1539 2179 data.

651 2296 816 2376 Copy
879 2298 950 2377 of
1002 2297 1098 2357 the
1146 2296 1432 2376 Bishop's
1497 2298 1755 2357 Char-ter
1808 2296 2097 2376 qrantinq
2156 2298 2253 2359 the
2299 2298 2523 2377 villaqe
2569 2301 2640 2378 os
2688 2300 2993 2361 Shelwick
3048 2308 3104 2361 ιο

895 2378 992 2438 the
1049 2384 1288 2437 tenant-s·
1325 2379 1433 2457 sor
1483 2378 1580 2438 the
1631 2386 1781 2438 term
1828 2379 1898 2458 of
1942 2378 2037 2438 his
2091 2378 2214 2459 life,
2264 2379 2417 2439 with
2468 2380 2644 2439 lands
2695 2387 2761 2440 αι
2810 2381 3103 2460 Kinqsley

890 2458 1018 2519 ancl
1073 2458 1343 2536 Walney‚
1382 2459 1490 2537 sor
1539 2462 1677 2519 :830
1723 2464 1812 2519 13.
1858 2460 1958 2518 4d.
2008 2460 2237 2537 yearly,
2280 2460 2434 2519 with
2480 2460 2575 2521 the
2622 2461 2997 2521 reservation
3043 2463 3112 2542 of

887 2560 929 2599 a
985 2538 1138 2610 mill,
1203 2560 1243 2599 a
1301 2540 1586 2609 mendoso,
1646 2540 1774 2600 and
1834 2540 1902 2618 of
1954 2540 2045 2601 all
2100 2540 2198 2601 the
2234 2541 2392 2618 fines
2442 2541 2570 2601 and
2625 2542 2723 2602 the
2774 2542 2997 2603 hericis
3042 2544 3111 2623 os

875 2586 1267 2699 sreeholt'ierS,
1330 2620 1456 2679 and
1513 2586 1586 2699 of
1618 2621 1748 2700 sees
1810 2620 1982 2681 when
2046 2621 2143 2681 the
2203 2621 2531 2699 dauqhters
2590 2623 2661 2701 of
2710 2623 2807 2683 the
2865 2630 3101 2684 tenants

885 2700 1158 2761 married
1211 2701 1449 2761 out-side
1506 2702 1602 2762 the
1657 2722 1887 2761 maner.

805 2830 1022 2891 omn
1055 2848 1142 2889 ms
1184 2830 1509 2891 Ssnwnm.
1519 2831 1905 2893 -Omnibus
1939 2831 2173 2893 Christi
2204 2832 2491 2893 fidelibus
2534 2834 2616 2894 sd
2653 2854 2811 2914 quos
2843 2854 3103 2912 presens

643 2936 948 3015 scriptum
997 2938 1369 3015 pervenerit,
1415 2936 1712 3009 Thomas,
1759 2945 1879 2997 etc.
1984 2938 2246 2997 Noverit
2297 2938 2676 3000 universitas
2724 2946 2938 3001 vestra
2986 2960 3101 3001 nos

639 3042 1024 3103 concessisse
1106 3048 1170 3102 et
1257 3041 1612 3115 tradidisse,
1694 3042 1987 3103 omnibus
2067 3042 2289 3104 diebus
2378 3044 2506 3105 vite
2587 3050 2818 3115 nostre,
2890 3046 3101 3124 probis

638 3146 996 3208 hominibus
1055 3146 1286 3207 nostris
1343 3147 1420 3207 de
1479 3146 1766 3226 Selwyke
1816 3154 2015 3208 totam
2070 3148 2278 3209 villam
2332 3156 2615 3209 nostram
2675 3150 2752 3211 de
2812 3150 3096 3224 Selwike,

639 3271 784 3313 cum
867 3252 1157 3313 omnibus
1238 3252 1641 3331 pertinenciis
1711 3254 1861 3325 suiS,
1948 3254 2121 3313 salvo
2198 3253 2379 3315 nobis
2457 3254 2814 3316 molendino
2884 3263 3101 3317 nostro

635 3358 716 3419 de
791 3358 1220 3438 Luggebruge,
1305 3364 1368 3417 et
1451 3363 1634 3437 prato
1716 3366 1934 3419 nostro
2009 3359 2177 3439 quod
2259 3360 2614 3438 pertinebat
2696 3362 2776 3421 ad
2858 3360 3099 3422 dictum
3216 3448 3219 3451 .

635 3464 988 3526 manerium
1071 3469 1358 3525 nostrum
1437 3464 1517 3525 de
1599 3463 1887 3535 Selwike,
1975 3464 2143 3545 quod
2225 3464 2392 3543 jacet
2474 3465 2643 3525 inter
2742 3466 2836 3525 La
2918 3467 3099 3528 Pulle

636 3575 700 3632 et
777 3570 1070 3642 Reshale,
1143 3588 1266 3651 que
1339 3570 1686 3631 retinemus
1755 3570 1837 3630 sd
1913 3589 2071 3649 opus
2148 3576 2477 3643 nostrum;
2563 3572 2657 3631 ita
2713 3572 2881 3651 quod
2944 3572 3096 3633 dicti

637 3675 925 3735 homines
967 3674 1164 3735 nostri
1207 3674 1285 3735 de
1333 3674 1598 3735 Selwike
1647 3674 1879 3736 debent
1920 3676 2149 3736 levare²
2190 3676 2517 3737 annuatim
2560 3677 2797 3738 dictum
2839 3688 3093 3757 pratum

635 3787 702 3843 et
763 3800 888 3842 non
943 3780 1174 3841 falcare
1193 3802 1212 3855 3
1286 3787 1349 3841 et
1409 3800 1524 3841 nos
1578 3782 1971 3842 inveniemus
2026 3781 2215 3843 boves
2269 3789 2521 3843 nostros
2577 3783 2659 3843 ad
2713 3784 3093 3845 trahendum

627 3862 875 3947 'dictum
930 3892 1182 3964 pratum
1245 3904 1388 3946 cum
1450 3886 1637 3947 suerit
1695 3886 2093 3948 adunatum?
2194 3887 2595 3950 Betinuimus
2654 3890 2853 3950 eciam
2915 3888 3093 3951 nobis

634 4011 854 4053 omnes
908 3991 1068 4052 fines
1121 3996 1284 4052 terre
1341 3998 1404 4051 et
1469 3992 1682 4052 omnia
1738 3992 1971 4071 placita
2027 3991 2322 4072 capitalia
2376 4012 2497 4073 que
2552 3995 2953 4073 pertinebant
3015 3995 3093 4055 ad

633 4098 1083 4161 vicecomitem
1135 4103 1476 4179 antequam
1527 4098 1817 4159 Ecclesia
1865 4099 2347 4161 Herefordensis
2396 4100 2657 4161 haberet
2710 4101 3088 4162 libertatem.

635 4204 1077 4267 Concessimus
1119 4204 1314 4264 eciam
1360 4203 1657 4282 predictis
1708 4203 2067 4265 hominibus
2111 4206 2344 4267 nostris
2386 4206 2597 4266 omnia.
2637 4206 2909 4267 herietta
2950 4227 3091 4269 con-

585 4309 1226 4383 Quetudinariorum,
1287 4311 1550 4371 retentis
1621 4310 1801 4371 nobis
1870 4310 2159 4373 heriettis
2228 4312 2563 4374 liberorum
2626 4312 2955 4373 hominum
3026 4314 3091 4374 in

522 4401 596 4449 Ψ·
632 4415 852 4478 eodem
903 4416 1203 4477 manerio.
1307 4416 1603 4476 Preterea
1651 4418 2076 4477 concessimus
2126 4417 2361 4479 eisdem
2413 4418 2771 4479 hominibus
2822 4420 2990 4500 quod
3038 4420 3091 4481 si

633 4521 878 4600 aliquis·
901 4520 1164 4581 voluerit
1207 4521 1500 4582 maritare
1549 4522 1741 4581 filiam
1792 4541 1973 4582 suam
2026 4541 2212 4602 super
2260 4522 2513 4584 feodum
2564 4530 2873 4595 nostrum,
2925 4524 3092 4605 quod

630 4645 771 4689 eam
831 4624 1082 4685 maritet
1141 4626 1276 4687 sine
1339 4626 1504 4686 dono
1564 4626 1794 4705 aliqu0‚
1846 4638 1909 4687 et
1970 4628 2023 4688 si
2082 4636 2263 4690 extra
2310 4628 2562 4689 feodum
2614 4634 2899 4692 nostrum
2952 4650 3091 4691 eam

629 4732 928 4793 maritare
968 4731 1236 4792 voluerit
1279 4737 1449 4793 emat
1501 4751 1640 4792 eam
1691 4753 1728 4793 a
1778 4732 1957 4794 nobis
2006 4734 2107 4795 vel
2156 4754 2193 4795 a
2240 4734 2485 4795 ballivis
2540 4737 2792 4796 nostris.
2898 4737 2985 4797 Et
3034 4737 3087 4798 si

756 4845 822 4883 1-
831 4842 921 4882 For
959 4841 1120 4883 arable
1157 4841 1236 4884 lan
1239 4842 1268 4883 d
1312 4836 1389 4884 ‘to
1435 4842 1509 4889 plo
1511 4844 1635 4889 uxgh
1683 4842 1768 4884 but
1815 4846 1867 4884 to
1915 4854 2113 4885 manure
2159 4856 2214 4885 or
2259 4844 2319 4885 do
2364 4844 2501 4886 other
2546 4844 2677 4887 work
2710 4857 2769 4887 on
2818 4858 2847 4888 a
2882 4846 3098 4890 meadow

630 4891 764 4935 δεῇ)
709 4892 928 4983 οἳ-ξιῂὶιο
941 4892 1054 4983 bgr
1055 4903 1191 4983 ἔξεο
1193 4896 1332 4983 ¹:21th
1308 4952 1446 4989 carry
1480 4943 1562 4983 the
1623 4953 1708 4989 roo
1743 4942 1879 4985 when
1916 4942 1953 4984 it
1987 4956 2089 4986 was
2124 4943 2266 4985 raked
2300 4946 2529 4991 together.
