3459 5617
321 4789 416 4833 1²01.
443 4790 508 4831 67.

617 479 738 539 258
1250 479 1607 557 Reqietrum
1663 478 1883 540 Thome
1936 478 2011 539 de
2072 477 2403 556 Cantilupo

615 703 1102 782 procuracioniS,
1134 710 1205 763 ut
1239 703 1505 774 videtur,
1551 722 1694 763 cum
1738 723 1868 763 una
1902 702 1983 763 ad
2022 701 2210 762 aliam
2247 701 2601 762 necessario
2639 706 3082 779 consequatur.

620 808 861 868 Iterum
919 808 971 867 si
1020 809 1229 888 aliquo
1288 816 1567 888 tempore
1631 810 1990 894 valuerunt¹
2020 808 2305 887 predicta
2360 807 2803 877 instrumenta,
2867 814 3083 866 tamen

615 933 730 992 per
785 914 1166 974 contrarium
1218 921 1451 986 actum,
1506 924 1638 975 tam
1683 915 1853 994 apud
1900 914 2224 976 Bromfeld
2273 933 2463 994 quam
2513 913 2683 984 alibi,
2735 931 2908 972 nunc
2958 931 3084 972 non

619 1019 852 1080 valent.
966 1020 1208 1080 Iterum
1257 1022 1376 1081 etsi
1431 1022 1497 1080 in
1553 1022 1694 1082 aliis
1750 1021 2030 1082 ecclesiis
2082 1021 2365 1099 predicta
2414 1020 2843 1080 instrumenta
2896 1019 3085 1078 robur

617 1127 946 1204 optineant
1002 1127 1340 1199 firmitatis,
1398 1147 1511 1205 pro
1571 1129 1837 1188 ecclesia
1896 1137 2111 1189 tamen
2173 1127 2253 1188 de
2313 1126 2546 1205 Magna
2612 1126 2819 1187 Goura
2876 1125 3085 1186 valere

618 1252 747 1292 non
804 1238 1118 1310 poterunt,
1167 1253 1308 1293 cum
1369 1234 1506 1312 ipsa
1550 1235 1658 1295 diu
1703 1240 1800 1295 est
1860 1234 1939 1294 ad
2002 1241 2241 1294 statum
2312 1252 2495 1294 suum
2556 1231 2810 1292 redierit
2872 1231 3083 1310 primi·

617 1340 840 1411 tivum,
898 1348 1044 1418 post
1099 1360 1286 1420 quem
1340 1359 1588 1401 cessare
1645 1341 1998 1402 debuerunt
2053 1340 2377 1419 privilegia
2426 1350 2797 1400 memorata.
2914 1338 3081 1398 Item

617 1445 982 1525 procuracio
1019 1446 1186 1505 illius
1230 1465 1396 1506 nunc
1438 1446 1718 1518 debetur,
1752 1454 1823 1506 ut
1865 1447 2129 1517 videtur,
2175 1466 2471 1526 expressa
2512 1446 2918 1507 concessione
2962 1445 3087 1505 Ab·

619 1549 804 1620 batis,
849 1569 971 1630 que
1012 1550 1152 1610 elici
1189 1557 1398 1629 potest
1439 1571 1516 1612 ex
1554 1551 1827 1632 quodam
1868 1552 2274 1614 memorando
2315 1551 2669 1630 subscripto
2710 1551 2881 1632 quod
2924 1551 3091 1612 inter

529 1691 532 1701 ·
619 1656 824 1733 ipsum
869 1674 944 1715 ex
994 1664 1172 1733 parte
1214 1675 1361 1728 una,
1406 1661 1472 1716 et
1512 1656 1827 1716 Vicarium
1880 1665 1943 1717 et
1993 1657 2334 1718 Officialem
2390 1667 2677 1718 nostrum
2733 1677 2813 1716 ex
2860 1657 3086 1728 altera,

621 1760 828 1820 extitit
885 1781 1084 1840 nuper
1140 1760 1400 1823 iactum.
1514 1763 1602 1822 Et
1657 1763 1773 1822 hec
1834 1763 2001 1824 racio
2064 1763 2331 1824 breviter
2392 1765 2676 1841 tangitur
2740 1763 2806 1822 in
2871 1764 3088 1823 littera

616 1875 837 1928 nostra
878 1868 1120 1946 patenti
1163 1887 1374 1946 supra,
1425 1888 1568 1928 cum
1613 1868 2103 1929 dicitur—salvo
2150 1869 2286 1946 jure
2330 1868 2824 1948 uniuscujusque
2882 1887 3083 1949 quan·

621 1982 760 2036 tum
803 1974 884 2034 ad
927 1981 1092 2046 acta,
1137 1981 1258 2036 etc.

621 2207 774 2283 Any.
813 2205 1460 2266 13.———Mem0randum
1495 2205 1565 2283 of
1599 2213 1937 2284 aqreement
1982 2206 2235 2266 between
2284 2207 2381 2267 the
2432 2205 2914 2267 Vicar-General
2956 2205 3082 2266 and

868 2285 965 2346 the
1025 2286 1260 2364 Official
1313 2306 1390 2346 on
1448 2287 1545 2346 the
1599 2307 1708 2346 one
1756 2294 1920 2366 part,
1964 2287 2091 2347 and
2146 2287 2243 2348 the
2294 2287 2486 2348 Abbot
2532 2287 2660 2348 and
2710 2289 2981 2347 Convent
3018 2287 3091 2364 os

869 2367 1222 2427 Gloucester
1271 2387 1348 2427 on
1406 2367 1502 2427 the
1560 2367 1751 2438 other,
1799 2367 1933 2428 that
1982 2387 2125 2428 corn
2186 2375 2242 2428 to
2296 2367 2393 2428 the
2446 2367 2626 2428 value
2675 2369 2817 2442 only
2874 2369 2945 2444 of
2984 2374 3085 2427 ten

863 2447 1071 2507 marks
1135 2447 1356 2508 should
1413 2449 1650 2507 remam
1709 2448 1906 2508 under
1972 2448 2415 2527 sequestratim
2475 2457 2543 2508 at
2618 2451 2910 2511 Cowarne
2985 2447 3085 2508 till

869 2528 1214 2607 September
1269 2529 1462 2599 15th,·
1533 2530 1668 2588 that
1729 2529 2051 2589 meantime
2115 2529 2213 2589 the
2274 2529 2489 2590 claime
2548 2529 2745 2608 might
2810 2529 2877 2588 be
2940 2536 3083 2600 met,

864 2629 967 2749 {23
989 2609 1209 2749 rglease
1255 2609 1514 2749 prdered
1569 2609 1645 2686 by
1704 2609 1801 2669 the
1857 2611 2111 2689 Bishop,
2170 2630 2240 2670 or
2300 2611 2573 2672 evidence
2635 2609 2947 2670 exhibited
3008 2609 3086 2688 by

1059 2709 1250 2750 onven
1285 2737 1297 2750 .

787 2836 1268 2897 Memorandum
1328 2837 1494 2916 quod
1548 2837 1626 2896 de
1687 2855 1999 2898 consensu
2058 2837 2293 2896 domini
2356 2836 2589 2900 Vicarii
2649 2843 2715 2898 et
2786 2837 3087 2898 Officialis

624 2932 1106 2994 Herefordensis
1163 2953 1238 2994 ex
1301 2939 1481 3014 parte
1543 2954 1693 3006 una,
1760 2939 1821 2994 et
1890 2934 2264 2995 venerabilis
2334 2934 2469 3006 viri,
2528 2935 2765 2994 domini
2823 2935 3087 2995 Abbatis

623 3031 1016 3092 Gloucestrie
1075 3050 1148 3090 ex
1194 3031 1336 3103 alia,
1397 3039 1838 3091 remanserunt
1898 3051 1937 3090 x
2002 3039 2282 3091 mai-cate
2348 3031 2682 3091 dumtaxat
2745 3031 2824 3092 de
2888 3032 3086 3092 veteri

623 3127 810 3188 blado
859 3127 1139 3205 ejusdem
1186 3127 1444 3188 Abbatis
1503 3128 1671 3206 apud
1732 3128 2003 3189 Gouram
2050 3129 2116 3187 in
2174 3137 2518 3207 sequestrO,
2578 3129 2671 3189 ita
2726 3129 2895 3208 quod
2952 3147 3087 3190 sus·

622 3225 861 3304 pensi0‚
934 3225 1180 3285 racione
1243 3243 1411 3285 nunc
1481 3225 1683 3286 solute
1744 3225 2205 3303 procuracionis
2276 3226 2449 3304 prius
2524 3226 2829 3297 relaxata,
2903 3226 3089 3287 duret

621 3323 907 3382 relaxata
948 3343 1147 3402 usque
1189 3323 1270 3383 ad
1313 3323 1590 3384 Octabas
1622 3323 1991 3383 Nativitatis
2033 3324 2234 3383 Beate
2280 3323 2519 3395 Marie;
2574 3330 2639 3383 et
2676 3324 2844 3404 quod
2888 3324 3091 3384 acrior

625 3421 1049 3498 sequestracio
1092 3439 1217 3479 non
1260 3421 1696 3498 interponatur
1740 3421 1817 3480 de
1864 3440 2028 3480 novo
2070 3441 2269 3501 usque
2320 3420 2401 3480 ad
2451 3420 2618 3481 diem
2661 3420 2971 3492 eundem;
3020 3429 3086 3482 et

621 3517 789 3595 quod
843 3517 1094 3577 interim
1149 3517 1356 3577 dictus
1413 3517 1703 3577 dominus
1755 3517 1967 3578 Abbas
2011 3517 2087 3577 de
2136 3518 2309 3578 dicta
2348 3518 2797 3596 procuracione
2846 3519 3087 3578 eisdem

623 3613 874 3675 Vicario
915 3621 978 3674 et
1024 3614 1286 3675 Officiali
1329 3614 1702 3684 satisfaciat,
1751 3623 1859 3674 aut
1910 3615 2180 3674 litteram
2229 3614 2483 3675 Domini
2534 3614 2833 3694 Episcopi
2868 3615 2947 3675 de
2988 3635 3083 3676 re-

624 3711 948 3771 laxacione
984 3713 1337 3772 exaccionis
1380 3711 1845 3790 procuracionis
1887 3712 2251 3790 hujusmodi
2302 3713 2393 3772 eis
2436 3721 2666 3790 portet,
2713 3721 2825 3772 aut
2856 3714 3082 3772 saltem

625 3807 898 3867 litteram
943 3808 1198 3868 Domini
1245 3809 1543 3887 Episcopi
1592 3818 1802 3886 portet
1844 3809 2013 3888 quod
2059 3809 2137 3869 de
2176 3810 2315 3886 jure
2359 3810 2615 3888 speciali
2658 3809 2809 3870 dicti
2846 3810 3085 3869 domini

625 3904 886 3965 Abbatis
928 3925 1039 3965 cur
1079 3906 1588 3983 procuracionem
1645 3907 1894 3966 racione
1935 3907 2340 3967 Visitacionis
2386 3907 2626 3966 solvere
2671 3926 2795 3966 non
2857 3907 3085 3968 debeat

625 4021 994 4080 cognoscere
1063 4003 1317 4063 valeant
1392 4012 1456 4062 et
1533 4003 1897 4081 hujusmodi
1968 4004 2293 4082 negocium
2366 4004 2703 4063 terminare
2772 4005 2852 4064 de
2919 4005 3080 4083 jure.

626 4099 854 4158 Actum
907 4111 970 4158 et
1033 4099 1269 4159 iactum
1325 4100 1390 4159 in
1449 4101 1596 4160 aula
1658 4100 1897 4159 domini
1956 4101 2368 4171 Precentoris,
2427 4110 2579 4160 tunc
2637 4100 2871 4162 Vicarii
2934 4102 3085 4180 Epi-

623 4197 816 4273 scopi,
861 4197 962 4257 die
1005 4197 1190 4257 Beati
1232 4197 1488 4275 Ypoliti,
1535 4217 1701 4257 anno
1746 4197 2003 4257 Domini
2052 4197 2565 4259 M⁰CC⁰LXXX⁰.
2681 4198 2897 4275 Hujus
2939 4219 3086 4260 vero

624 4292 821 4354 forme
863 4294 1108 4373 copiam
1153 4294 1362 4354 Abbas
1405 4295 1656 4373 recepit,
1702 4295 1819 4355 sub
1864 4295 2065 4374 sigillo
2106 4287 2529 4356 officialitatis
2573 4295 3077 4358 Herefordeneis.

627 4551 756 4612 Oct.
802 4551 1070 4612 9.--The
1127 4549 1360 4630 Bishop
1401 4557 1671 4628 requests
1717 4551 1815 4610 the
1858 4549 2235 4630 Archbishop
2284 4559 2341 4612 to
2383 4551 2651 4631 suspend
2685 4552 3079 4632 prooaedinqs

865 4632 1106 4710 aqainst
1158 4631 1433 4692 Wilziam
1473 4631 1773 4708 Daubeny
1819 4631 1917 4692 till
1960 4632 2055 4692 his
2096 4639 2312 4692 return
2339 4633 2511 4710 from
2550 4632 2802 4693 abroad.

787 4778 1054 4838 Dormio
1138 4777 1620 4838 Gammmnnffl
1703 4778 2222 4839 Anonmmsoopo
2303 4796 2391 4838 Da
2472 4779 2912 4860 W[1121,131.uo]
2995 4799 3082 4841 nn

622 4874 1182 4953 Aminnea—vij
1249 4875 1403 4936 Idus
1466 4876 1773 4948 Octobris,
1842 4876 2007 4954 apud
2078 4876 2334 4954 Lyram,
2404 4895 2573 4936 anno
2634 4879 3080 4958 suprascripto,
