3459 5617
1128 485 1429 568 Episcopi
1483 488 1965 568 Herefordensis.
2698 492 2733 553 7
2738 489 2778 549 9

312 712 750 774 Precentorem
819 731 1006 791 super
1073 711 1518 774 beneficiorum
1587 716 1651 773 et
1728 712 2111 792 dignitatum
2192 712 2555 792 pluralitate
2630 730 2773 791 pro-

310 816 602 892 ceditur;
675 815 952 878 exhibito
1005 816 1187 878 nobis
1256 816 1428 895 prius
1489 836 1601 896 per
1668 816 1939 878 eundem
2003 817 2480 879 Procuratorem
2548 823 2765 878 tenore

310 922 702 1003 quorundam
741 922 1203 1002 privilegiorum
1246 922 1398 983 dicti
1441 922 1833 983 Precentoris
1873 922 1941 982 in
1982 922 2250 984 formam
2290 921 2609 1002 publicam
2648 921 2767 983 sub

310 1048 503 1091 manu
561 1028 786 1090 notarii
840 1027 1094 1108 publici,
1151 1034 1221 1089 ut
1275 1028 1624 1101 videbatur,
1683 1030 1958 1101 redacto,
2018 1046 2291 1089 unacum
2347 1033 2564 1089 tenore
2613 1048 2760 1090 auc·

308 1134 582 1197 toritatis
637 1134 790 1195 dicti
843 1133 1198 1196 tabellionis
1252 1153 1366 1195 seu
1413 1133 1662 1205 notarii,
1715 1134 1834 1195 sub
1886 1133 2090 1213 sigillo
2144 1132 2549 1195 officialitatis
2606 1134 2773 1195 Lon·

310 1240 648 1313 doniensis,
693 1246 757 1300 et
807 1239 1063 1301 Abbatis
1109 1240 1674 1311 westmonasterii,
1726 1240 2163 1320 dictorumque
2204 1239 2769 1301 instrumentorum

307 1364 500 1425 penes
547 1364 666 1406 nos
716 1344 896 1425 copia
951 1350 1351 1419 remanente;
1410 1346 1694 1407 volentes
1736 1364 1925 1423 super
1966 1345 2088 1407 hiis
2130 1350 2194 1406 et
2244 1344 2383 1406 aliis
2434 1346 2764 1425 negocium

307 1452 698 1513 antedictum
753 1451 1178 1530 tangentibus,
1251 1456 1528 1512 tractatu
1595 1449 1928 1530 prehabito
1991 1450 2293 1529 diligenti,
2363 1450 2609 1529 plenius
2672 1449 2765 1509 in·

308 1558 582 1630 formari,
628 1562 692 1619 et
747 1558 813 1617 in
867 1558 1126 1635 negocio
1181 1556 1544 1635 hujusmodi
1592 1557 1938 1617 secundum
1994 1556 2151 1635 juris
2194 1556 2581 1636 exigenciam
2623 1574 2771 1617 cum

308 1661 520 1723 debita
566 1662 932 1725 maturitate
987 1662 1339 1741 procedere,
1400 1662 1726 1741 negocium
1784 1667 2199 1723 memoratum
2242 1662 2359 1723 sub
2416 1662 2617 1723 forma
2680 1662 2773 1722 in-

307 1768 653 1847 frascripta,
700 1766 778 1829 de
819 1784 1134 1828 consensu
1176 1767 1325 1827 dicti
1375 1767 1810 1828 Procuratoris
1866 1785 2181 1845 expressO,
2235 1767 2529 1828 duximus
2571 1766 2771 1829 deter-

307 1874 540 1936 endum
582 1892 694 1934 seu
737 1873 929 1932 stiam
971 1872 1450 1951 prorogandum,
1497 1890 1821 1952 quousque
1863 1871 2225 1933 Precentori
2269 1872 2551 1951 predicto
2592 1870 2767 1935 aliud

308 1999 496 2059 super
523 1980 642 2041 hoc
669 1979 1027 2041 dederimus
1058 1980 1123 2039 in
1154 1979 1506 2049 mandatis;
1551 1979 1841 2040 videlicet
1870 1985 1961 2051 ut,
2000 1979 2351 2040 monicione
2380 1978 2767 2058 competenti

308 2086 652 2164 prehabita,
719 2086 926 2148 dictus
995 2086 1335 2146 Precentor
1401 2104 1512 2164 per
1581 2104 1650 2146 se
1720 2084 1819 2146 vel
1884 2085 2363 2145 Procuratorem
2425 2084 2765 2163 ydoneum,

309 2191 655 2253 secundum
696 2192 962 2253 formam
1023 2190 1350 2253 citacionis
1403 2210 1515 2269 per
1570 2209 1686 2251 nos
1742 2189 1862 2273 sibi
1916 2172 2218 2262 faciende,
2278 2198 2638 2268 compareat
2694 2190 2761 2250 in

309 2295 479 2357 dicto
522 2297 779 2375 negocio
820 2295 1166 2358 secundum
1196 2304 1649 2357 retroactorum
1687 2301 1971 2357 tenorem
2002 2296 2306 2374 legittime
2334 2314 2761 2375 processurus.

311 2552 463 2629 May
519 2556 615 2692 13.
619 2551 1134 2693 -ἑίρῗῖιὶηενηεηύ
1189 2552 1259 2631 of
1317 2551 1544 2613 Robert
1598 2550 1671 2612 de
1735 2552 1892 2612 Roas·
1949 2572 2018 2613 as
2074 2552 2331 2613 Proctor
2370 2552 2481 2631 for
2533 2551 2775 2630 Hervey

599 2652 629 2692 c
729 2653 798 2693 or
881 2653 944 2693 m

472 2788 796 2850 Hsnvmus
851 2806 938 2849 nn
993 2788 1753 2851 Bonnam—Reverendo
1808 2788 1873 2848 in
1932 2788 2184 2850 Christo
2243 2787 2435 2862 Patri,
2498 2788 2773 2849 Domino

307 2892 567 2966 Thome,
640 2893 760 2953 Dei
827 2893 1039 2972 gracia
1111 2892 1559 2954 Herefordensi
1629 2892 1967 2972 Episcopo,
2036 2912 2189 2953 suus
2261 2892 2429 2953 filius
2490 2894 2776 2966 devotus,

309 2997 600 3059 Hervsus
670 2998 746 3059 de
814 2998 1118 3070 Borham,
1186 2999 1526 3061 Precentor
1587 2998 1892 3078 ejusdem,
1962 2997 2255 3071 salutem,
2322 3000 2774 3074 obedienciam,

309 3105 750 3179 reverenciam,
812 3111 875 3166 et
936 3105 1258 3166 honorem.
1361 3104 1460 3165 Ad
1514 3103 2043 3167 consenciendum
2100 3104 2454 3183 specialiter
2511 3106 2765 3167 nomine

311 3217 527 3271 nostro
581 3217 650 3272 ut
705 3210 1034 3289 negocium
1089 3230 1214 3290 quo
1269 3211 1611 3272 autoritate
1665 3221 1895 3283 vestra,
1954 3230 2065 3273 seu
2114 3230 2225 3290 per
2266 3230 2378 3273 vos
2421 3230 2496 3272 ex
2538 3211 2772 3285 offici0‚

309 3324 530 3379 contra
571 3337 687 3379 nos
729 3337 917 3397 super
956 3318 1400 3379 beneficiorum
1443 3323 1505 3379 et
1561 3318 1939 3397 dignitatum
1993 3317 2357 3397 pluralitate
2412 3319 2775 3398 proceditur

312 3442 351 3484 a
404 3425 599 3496 vobis,
659 3424 1015 3505 ubicunque
1072 3425 1336 3497 fueritis,
1395 3426 1592 3485 eciam
1649 3434 1832 3484 extra
1887 3424 2268 3485 territorium
2318 3430 2521 3487 vestre
2575 3426 2760 3504 juris-

310 3530 628 3603 diccionis,
683 3531 946 3591 ulterius
1000 3536 1364 3610 prorogetur
1419 3550 1531 3591 seu
1585 3530 1926 3601 differatur,
1987 3537 2052 3592 et
2108 3536 2388 3592 vestrum
2444 3531 2768 3593 decretum

311 3655 499 3715 super
552 3636 670 3697 hoc
726 3636 1208 3707 admittendum,
1267 3636 1564 3698 dilectum
1625 3636 1805 3696 nobis
1863 3636 2234 3715 magistrum
2292 3637 2634 3697 Robertum
2690 3637 2772 3698 de

308 3742 436 3804 Ros
490 3742 970 3804 Procuratorem
1043 3748 1329 3803 nostrum
1399 3742 1664 3803 facimus
1734 3742 2093 3821 specialem,
2158 3748 2368 3803 ratum
2431 3741 2765 3804 habiturus

307 3848 601 3929 quicquid
642 3848 810 3908 idem
844 3848 1158 3909 Robertus
1196 3852 1412 3908 nostro
1447 3848 1700 3908 nomine
1737 3846 1953 3907 fecerit
1987 3847 2052 3907 in
2094 3847 2435 3926 premissis.
2524 3848 2766 3909 Datum

311 3953 655 4015 Londoniis
697 3959 760 4014 et
800 3964 1017 4015 nostro
1058 3953 1260 4031 sigillo
1302 3953 1638 4033 signatum,
1684 3952 1906 4014 Idibus
1951 3952 2127 4015 Maii.

310 4212 462 4290 May
503 4216 601 4283 11,
644 4210 1117 4273 1276.—Letter
1159 4218 1217 4271 to
1262 4210 1359 4271 the
1399 4210 1587 4270 Prior
1627 4209 1754 4270 and
1807 4210 2072 4270 convent
2112 4209 2182 4288 of
2228 4208 2611 4269 Leominstcr
2657 4208 2767 4269 ad·

545 4292 844 4372 journinq
858 4293 1111 4372 further
1153 4292 1250 4352 the
1289 4291 1616 4352 visitation
1655 4290 1909 4368 already
1939 4290 2294 4351 announced
2320 4290 2447 4349 and
2474 4290 2766 4369 deferred.

472 4463 962 4523 Lnomms'rmr:
1027 4478 1152 4521 PRO
1215 4458 2026 4529 innuamus—Thomas,
2101 4462 2243 4529 etc„
2303 4456 2551 4518 dilectis
2606 4458 2773 4532 filiis,

312 4568 513 4629 Priori
574 4573 638 4629 et
696 4567 1048 4629 Conventui
1105 4566 1183 4628 de
1239 4566 1655 4637 Leominstre,
1716 4574 1837 4625 etc.
1942 4563 2199 4624 Dudum
2262 4564 2327 4624 in
2390 4567 2775 4627 monasterio

309 4679 520 4735 vestro
587 4679 868 4753 tempore
935 4672 1411 4754 quadragesime
1487 4671 1833 4731 existentes
1902 4667 2289 4731 visitacionis
2356 4669 2632 4731 officium
2702 4670 2769 4732 in

309 4780 488 4841 vobis
550 4796 616 4842 et
677 4780 813 4859 ipso
869 4778 1252 4839 monasterio
1312 4777 1753 4857 proposuimus
1816 4794 2121 4837 exercere.
2235 4774 2417 4851 Quod
2480 4794 2626 4837 cum
2690 4778 2769 4838 ad

310 4906 526 4967 preces
593 4894 837 4948 vestras
904 4886 1267 4947 distulimus
1334 4905 1410 4947 ex
1478 4902 1671 4945 eausa
1733 4901 1931 4963 usque
1991 4882 2060 4942 in
2122 4882 2466 4943 crastinum
2531 4882 2761 4945 Sancte
