3459 5617
607 498 686 557 48
1253 498 1609 577 Reyistrum
1665 500 1886 561 Thome
1939 499 2013 561 dc
2085 499 2416 579 Cantilupo

606 722 781 801 regni
836 725 1025 785 certis
1080 723 1250 785 horis
1319 743 1626 803 campane
1693 724 1933 803 pulsari
1987 725 2447 796 consueverim,
2508 736 2579 785 ut
2642 725 2733 785 ita
2787 723 3067 785 fidelium

609 830 882 891 excitata
924 830 1179 891 devocio
1221 831 1588 891 memoriam
1631 830 1863 891 habere
1905 831 2111 891 valeat
2165 831 2539 903 divinorum,
2590 838 2655 892 et
2703 830 3071 910 parochiani

610 938 694 999 ad
723 956 904 998 sacra
931 938 1051 998 Dei
1079 938 1343 1017 Templa
1383 937 1688 999 libencius
1729 938 2051 1009 accedant,
2095 938 2339 998 veniam
2384 956 2499 1017 pro
2540 936 2671 999 suis
2712 936 3074 998 excessibus

611 1043 892 1122 petituri,
923 1043 1258 1125 divinaque
1304 1042 1526 1114 officia,
1568 1050 1757 1123 prout
1804 1044 1995 1105 moris
2043 1049 2160 1116 est,
2204 1043 2438 1105 ibidem
2486 1043 2723 1123 pariter
2771 1042 3069 1115 audituri,

611 1147 908 1208 admirari
953 1167 1079 1208 non
1121 1168 1444 1211 cessamus
1483 1148 1634 1230 quia
1673 1149 1741 1209 in
1782 1154 1915 1210 tam
1960 1169 2188 1229 magna
2218 1156 2476 1229 tamque
2504 1148 2732 1210 celebri
2773 1148 3075 1228 parochia

615 1253 978 1332 hujusmodi
1021 1254 1418 1333 pulsaciones
1459 1254 1594 1315 fieri
1635 1275 1763 1315 non
1796 1255 2129 1326 dicuntur;
2174 1263 2272 1317 set
2300 1274 2681 1335 quamquam
2712 1254 3072 1333 sumptibus

610 1359 887 1438 ipsorum
931 1360 1476 1439 parochianorum,
1520 1369 1591 1422 ut
1646 1361 2021 1433 audivimus,
2078 1380 2384 1439 campane
2438 1360 2670 1421 ibidem
2726 1359 3073 1421 extiterant

614 1470 978 1542 comparate
1019 1464 1084 1523 in
1128 1483 1281 1524 usus
1322 1464 1422 1525 vel
1461 1465 1805 1525 utilitatem
1847 1465 2146 1543 ipsorum,
2176 1464 2351 1525 nullo
2392 1471 2675 1543 tempore
2715 1464 3070 1542 pulsantur,

615 1588 732 1630 nec
761 1569 842 1629 ad
870 1588 1086 1631 eorum
1115 1569 1567 1631 excitacionem
1595 1571 1833 1650 pulsari
1863 1591 1902 1631 a
1927 1571 2103 1632 vobis
2145 1571 2544 1651 aliquatenus
2575 1570 3028 1650 permittuntur
3054 1590 3070 1642 ;

611 1697 687 1738 ex
717 1696 841 1756 quo
864 1677 1032 1737 aliud
1055 1677 1290 1737 malum
1319 1677 1634 1738 interdum
1665 1679 1991 1757 contingit,
2023 1679 2191 1757 quod
2218 1678 2758 1739 administratores
2785 1678 3073 1757 ejusdem

615 1782 876 1843 ecclesie
919 1784 1176 1843 statutis
1217 1782 1388 1843 horis
1429 1790 1683 1862 propter
1722 1783 2002 1862 ipsarum
2050 1784 2581 1856 incertitudinem,
2626 1782 2909 1844 Creatori
2957 1801 3073 1844 suo

611 1887 828 1950 debita
867 1888 1185 1969 obsequia,
1233 1902 1306 1948 ut
1349 1896 1664 1959 tenentur,
1702 1910 1827 1950 non
1872 1890 2265 1968 impendunt.
2352 1889 2791 1949 Intelleximus
2831 1890 3071 1969 itaque,

612 1995 776 2074 quod
797 1993 1017 2055 diebus
1035 1995 1384 2055 Dominicis
1402 1999 1466 2055 et
1489 1994 1777 2067 Festivis,
1802 1994 2028 2076 quibus
2045 1996 2162 2057 soli
2182 1997 2318 2056 Deo
2338 2004 2510 2056 esset
2530 1995 2904 2066 vacandum,
2926 2016 3071 2056 cure

613 2101 932 2161 seculares
959 2107 1024 2161 et
1051 2099 1289 2179 placita
1315 2105 1527 2162 vestra
1553 2101 1618 2160 in
1641 2102 2093 2180 temporalibus
2112 2121 2224 2181 per
2251 2121 2363 2162 vos
2381 2102 2653 2181 agitatis,
2686 2110 2751 2162 et
2778 2122 2891 2180 per
2913 2102 3072 2163 alios

611 2206 821 2267 facitis
849 2214 912 2267 et
943 2206 1271 2286 injungitis
1300 2207 1521 2285 agitari
1544 2230 1562 2281 3
1607 2227 1718 2286 per
1745 2208 1912 2287 quod
1957 2207 2062 2267 alii
2104 2214 2447 2287 magnates,
2480 2208 2624 2268 laici
2666 2214 2729 2269 et
2756 2216 3070 2288 potenteS,

613 2313 799 2373 dictis
855 2312 1242 2391 temporibus
1303 2314 1457 2373 illud
1525 2314 1690 2374 idem
1761 2315 1964 2375 facere
2033 2334 2159 2377 non
2229 2314 2591 2387 formidant,
2649 2316 3069 2393 perniciosum

613 2419 970 2498 exemplum
1029 2438 1068 2479 a
1123 2418 1300 2480 vobis
1355 2425 1696 2491 sumentes,
1748 2426 1819 2480 ut
1874 2420 2122 2493 dicitur,
2172 2420 2238 2481 in
2294 2420 2415 2480 hac
2470 2428 2669 2498 parte.
2776 2421 3073 2483 Preterea

619 2524 971 2585 cotidianas
1000 2524 1480 2586 distribucioues
1521 2530 1584 2585 et
1625 2525 2001 2586 elemosinas
2028 2527 2219 2587 vestri
2250 2527 2573 2587 Prioratus
2599 2527 2981 2606 pauperibus
3009 2534 3074 2589 et

611 2630 822 2709 egenis
852 2631 1198 2710 erogandas
1220 2634 1282 2690 in
1307 2631 1495 2691 certis
1522 2631 1948 2710 proventibuS,
1981 2631 2343 2703 redditibus,
2375 2642 2440 2693 et
2467 2633 2965 2712 possessionibus
2992 2634 3073 2695 ad

611 2737 731 2798 hoc
760 2737 1113 2817 antiquitus
1150 2739 1526 2816 assignatas,
1571 2758 1684 2817 pro
1725 2758 1955 2817 magna
1996 2744 2175 2817 parte
2218 2739 2504 2800 nonnulli
2547 2740 2667 2800 hiis
2709 2739 2930 2800 diebus
2962 2760 3075 2819 per

611 2863 724 2904 vos
753 2852 1121 2905 constanter
1149 2850 1440 2905 asserunt
1469 2864 1607 2905 esse
1649 2844 2006 2905 subtractas
2034 2845 2200 2924 quod
2230 2845 2404 2905 vobis
2432 2846 2852 2924 periculosum
2882 2846 3073 2908 nimis

611 2969 749 3010 esse
804 2949 1192 3021 estimamus,
1250 2957 1313 3010 et
1362 2969 1477 3010 nos
1523 2950 1700 3022 illud,
1752 2951 1926 3011 novit
1975 2952 2167 3021 Deus,
2224 2971 2411 3029 grave
2458 2952 2642 3012 valde
2689 2953 2964 3030 gerimus
3008 2960 3074 3013 et

616 3055 972 3115 molestum.
1045 3055 1208 3130 Quia
1227 3056 1418 3135 igitur
1436 3056 1743 3134 premissa
1765 3062 1828 3117 et
1850 3056 1974 3116 hiis
2003 3056 2352 3117 consimilia
2374 3057 2853 3118 conniventibus
2874 3058 3075 3118 oculis

612 3160 1067 3221 dissimulando
1122 3162 1388 3222 tolerare
1443 3182 1570 3222 non
1605 3182 1941 3241 possumus
1990 3182 2105 3223 nec
2147 3162 2468 3234 debemus,
2515 3183 2626 3224 vos
2676 3182 2967 3241 rogamus
3007 3172 3074 3224 et

619 3277 982 3327 exortamur
1024 3268 1085 3327 in
1131 3267 1425 3339 Domin0,
1456 3269 1518 3327 in
1554 3268 1783 3329 virtute
1824 3268 2182 3329 obediencie
2223 3288 2349 3349 qua
2392 3270 2713 3340 tenemini,
2746 3271 2862 3329 sub
2904 3287 3073 3348 pena

612 3375 912 3435 canonice
970 3374 1384 3436 districcionis
1436 3375 1700 3437 firmiter
1754 3375 2199 3436 nichilominus
2253 3374 2640 3455 injungendo
2688 3375 2857 3456 quod
2912 3374 3075 3434 citra

609 3479 856 3541 instans
898 3480 1128 3541 festum
1190 3480 1419 3541 Sancte
1459 3480 1787 3541 Trinitatis
1841 3480 2121 3560 predicta
2176 3482 2391 3541 omnia
2444 3489 2509 3541 et
2564 3480 2812 3558 singula
2867 3478 3074 3540 modis

611 3585 906 3646 omnibus
974 3586 1091 3646 rite
1161 3585 1506 3665 corrigatis,
1563 3591 1632 3647 ut
1687 3588 1751 3645 in
1810 3591 2047 3646 statum
2105 3586 2409 3657 debitum,
2470 3587 2607 3647 Deo
2662 3592 2727 3646 et
2785 3585 3074 3646 Ecclesie

608 3692 984 3772 placentem,
1023 3691 1158 3753 sine
1204 3691 1485 3752 ulteriori
1529 3692 1834 3753 dilacione
1878 3692 2062 3771 digne
2108 3700 2171 3753 et
2222 3690 2617 3752 laudabiliter
2666 3690 2964 3751 reducere
3006 3696 3073 3751 et

611 3798 948 3859 reformare
977 3798 1228 3869 curetis,
1261 3817 1340 3857 ne
1371 3797 1580 3878 aliqua
1608 3798 1765 3858 dura
1787 3798 1881 3857 vel
1912 3816 2153 3876 aspera,
2185 3797 2513 3858 occasione
2541 3802 2944 3875 contemptus
2972 3796 3074 3857 vel

613 3904 1042 3965 inobediencie
1081 3904 1147 3963 in
1190 3904 1531 3981 premissis,
1571 3914 1792 3964 contra
1829 3922 1941 3963 vos
1984 3908 2217 3963 extunc
2260 3909 2538 3963 statuere
2580 3920 2697 3962 nos
2738 3908 3070 3979 oporteat;

613 4012 778 4093 quod
808 4030 921 4090 pro
949 4016 1122 4071 certo
1151 4008 1490 4070 admodum
1521 4009 1868 4070 faceremus
1894 4009 2095 4069 inviti.
2182 4009 2446 4070 Modum
2485 4027 2630 4068 vero
2657 4007 3071 4068 correccionis

612 4117 676 4178 in
702 4116 1014 4195 aliquibus
1024 4117 1471 4195 premissorum
1483 4115 1658 4176 vobis
1670 4114 2071 4175 meminimus
2083 4116 2223 4175 viva
2235 4134 2383 4174 voce
2400 4114 2647 4194 plenius
2666 4114 3068 4192 expressisse.

611 4222 753 4283 Alia
779 4240 928 4282 vero
956 4221 1176 4292 multa,
1208 4226 1341 4281 tam
1382 4219 1448 4279 in
1482 4221 1762 4282 ecclesiis
1787 4220 2017 4280 vestris
2041 4239 2233 4300 quam
2262 4219 2539 4297 capellis,
2565 4226 2627 4279 et
2656 4218 3073 4280 familiaribus

608 4328 772 4389 infra
801 4329 1003 4407 septa¹
1025 4326 1249 4387 domus
1272 4332 1473 4387 vestre
1497 4326 2049 4396 commorantibus,
2079 4324 2144 4385 in
2167 4326 2308 4404 ipsa
2329 4325 2693 4387 visitacione
2716 4325 3073 4386 invenimus

611 4452 750 4495 esse
805 4431 1171 4511 corrigenda
1190 4450 1206 4503 ;
1278 4451 1541 4511 quorum
1613 4431 2067 4492 correccionem
2137 4430 2316 4491 nobis
2372 4436 2435 4490 et
2497 4429 2763 4491 Officiali
2828 4436 3068 4501 nostro,

612 4540 1000 4622 quamcicius
1037 4558 1260 4600 vacare
1302 4538 1667 4616 poterimus,
1711 4535 2065 4615 specialiter
2106 4535 2400 4597 duximus
2442 4536 2901 4596 reservandam.
2992 4536 3075 4597 In

612 4644 933 4725 premissis
1003 4652 1217 4704 autem
1289 4642 1666 4722 corrigendis
1736 4649 1798 4702 et
1866 4641 2281 4703 reformandis
2344 4660 2455 4701 vos
2510 4640 2599 4701 ita
2667 4641 2947 4703 solicitos
3004 4650 3073 4703 et

613 4752 891 4813 curiosos
960 4748 1265 4811 exibeatis
1334 4758 1407 4809 ut
1469 4748 1533 4808 in
1592 4748 1692 4809 die
1750 4747 1951 4809 stricti
2004 4747 2045 4808 J
2049 4747 2237 4808 udicii
2292 4746 2370 4807 ab
2425 4747 2706 4807 omnium
2764 4747 3075 4808 bonorum

1605 4935 1732 4975 l-ln
1763 4934 1861 4975 MS.
1889 4934 2074 4981 scepta.
