3459 5617
377 1790 476 1832 Pol.
503 1792 568 1831 26.

672 486 754 545 80
1316 483 1671 563 Reqistrum
1728 484 1949 543 Thome
2002 484 2074 544 de
2147 483 2478 563 Cantilupo

683 617 769 624 ‘—

676 706 1005 768 Trinitatis
1046 708 1329 786 proximo
1382 726 1551 767 nunc
1594 712 1950 779 venturum,
1995 726 2182 787 quern
2238 708 2579 767 terminum
2620 706 2796 767 vobis
2837 705 3140 768 duximus

687 814 1138 893 assignandum
1195 812 1276 874 ad
1329 812 1393 873 id
1449 812 1807 873 iaciendum
1863 812 2030 873 eirca
2076 812 2509 874 visitacionem
2556 811 2919 890 hujusmodi
2969 810 3141 891 quod

679 926 832 981 tunc
879 920 1105 981 fecisse
1147 919 1511 992 debuimus;
1564 919 1710 1000 quia
1752 939 1897 980 vero
1938 921 2003 980 in
2038 918 2207 980 dicto
2244 918 2515 979 termino
2551 919 2617 978 in
2645 924 2857 980 vestro
2885 938 3141 981 monas-

684 1026 842 1087 terio
898 1030 1222 1105 presentes
1279 1043 1419 1087 esse
1475 1044 1602 1085 non
1655 1044 2013 1105 possumus,
2065 1026 2204 1087 aliis
2261 1026 2532 1105 negociis
2579 1025 2907 1105 prepediti,
2959 1025 3141 1088 vobis

677 1140 971 1193 constare
1029 1131 1296 1192 facimus
1339 1150 1450 1211 per
1490 1137 1814 1211 presentes
1869 1132 2037 1211 quod
2083 1120 2155 1193 in
2198 1133 2476 1194 erastino
2526 1132 2745 1193 Sancti
2802 1132 3143 1194 Laurencii

683 1240 746 1299 in
789 1246 998 1298 vestro
1026 1238 1405 1299 monasterio
1433 1237 1665 1298 erimus
1703 1237 1785 1298 ad
1816 1237 2202 1299 visitacionis
2230 1237 2524 1309 officium,
2556 1242 2811 1298 auctore
2838 1236 3140 1310 Domino,

681 1344 1117 1407 exercendum.
1210 1344 1516 1420 Quocirca.
1555 1344 1735 1405 vobis
1768 1343 2147 1404 mandamus
2187 1326 2352 1423 quod
2397 1343 2567 1404 dicta
2602 1342 2703 1403 die
2740 1362 2961 1403 omnes
3000 1343 3145 1404 sitis

675 1457 1000 1532 presentes
1053 1449 1308 1523 ibidem,
1361 1457 1426 1511 et
1474 1449 1763 1511 habeatis
1811 1457 2037 1529 parata
2084 1450 2299 1511 omnia
2345 1469 2467 1531 que
2515 1449 2803 1511 visitacio
2854 1448 3147 1529 predicta

675 1558 956 1638 requirit.
1049 1558 1354 1621 Valeatis.
1439 1557 1682 1617 Datum
1727 1556 1895 1635 apud
1939 1556 2392 1635 Kensingtone‚
2424 1575 2461 1617 v
2506 1556 2661 1617 Idus
2705 1555 2882 1627 Maii,
2922 1556 3145 1616 Ponti·

681 1664 908 1725 ficatus
950 1664 1147 1725 nostri
1190 1682 1358 1724 anno
1399 1663 1619 1743 primo.
1706 1663 2012 1723 Defectus
2054 1663 2255 1723 eciam
2294 1681 2473 1743 quos,
2518 1679 2661 1722 cum
2703 1661 2790 1722 ibi
2832 1680 3143 1735 essemus,

685 1769 1060 1842 invenimus,
1114 1776 1176 1830 et
1234 1789 1391 1850 quos
1446 1788 1558 1848 per
1610 1788 1722 1830 vos
1780 1769 2219 1829 mandavimus
2264 1774 2485 1847 postea
2533 1767 2873 1837 emendari,
2928 1766 3150 1828 taliter

679 1878 984 1956 corrigere
1051 1876 1380 1948 studeatis,
1431 1895 1511 1936 ne
1568 1875 1650 1936 ad
1703 1895 1933 1955 penam
1990 1875 2166 1936 vobis
2218 1875 2299 1935 ob
2356 1883 2631 1936 vestram
2688 1874 3147 1953 negligenciam

685 1981 1087 2061 infligendam
1139 1981 1475 2060 procedere
1523 1981 1906 2055 debeamus3
1951 1980 2117 2061 quod
2161 1982 2379 2060 procul
2420 1981 2609 2042 dubio
2650 1980 2977 2051 faciemuS,
3024 1980 3150 2041 nisi

678 2088 845 2150 circa
901 2088 1185 2167 predicta
1239 2106 1499 2174 manum
1555 2086 1763 2147 velitis
1818 2106 2131 2167 apponere
2187 2086 2645 2147 correctricem.

681 2294 832 2371 May
877 2291 1356 2352 12.—Mandate
1401 2298 1458 2350 to
1504 2290 1599 2351 his
1644 2290 1857 2368 bailiff
1890 2298 1957 2349 at
2020 2290 2415 2351 Whitbourne
2473 2297 2529 2350 to
2584 2289 2763 2349 allow
2816 2289 3023 2367 Roqer
3077 2288 3153 2349 de

929 2373 1236 2433 Evesham
1269 2379 1601 2451 pasturaqe
1631 2373 1741 2451 for
1781 2378 1969 2448 qoam,
2026 2372 2153 2431 and
2208 2371 2477 2430 husbote
2534 2370 2661 2429 and
2724 2369 3019 2448 heybote‚
3079 2390 3150 2429 as

935 2455 1128 2533 before
1147 2474 1170 2523 ,·
1234 2453 1302 2513 he
1345 2453 1399 2512 is
1443 2460 1545 2512 not
1590 2460 1647 2512 to
1691 2453 1841 2512 have
1882 2452 2074 2512 seisin
2117 2452 2218 2511 till
2259 2452 2355 2511 the
2398 2451 2633 2530 Bishop
2673 2470 2861 2510 comes
2908 2450 3094 2510 there.

839 2598 1308 2659 ernsusmn:
1395 2613 1519 2656 PRO
1597 2595 1926 2678 R[oonno]
2012 2613 2098 2653 ns
2183 2594 2909 2665 Bassia-Thomas,
2998 2601 3149 2666 etc..

676 2705 995 2767 Willelmo
1058 2702 1136 2764 de
1201 2702 1575 2773 Chilteham,
1641 2702 1872 2762 ballivo
1936 2721 2049 2761 suo
2111 2701 2189 2761 de
2258 2700 2661 2779 Wyteburne,
2726 2705 2847 2761 etc.
2958 2700 3148 2761 Man·

676 2811 901 2871 damus
970 2809 1146 2870 vobis
1219 2809 1385 2889 quod
1454 2809 1840 2888 permittatis
1908 2807 2231 2867 dominum
2306 2806 2616 2884 Bogerum
2680 2806 2758 2866 de
2820 2805 3153 2867 Evesham

677 2916 911 2979 habere
972 2936 1083 2995 per
1149 2915 1464 2993 plevinam
1533 2920 1859 2993 pasturam
1926 2913 2004 2973 ad
2070 2931 2291 2991 capras
2357 2930 2506 2972 suas
2561 2917 2625 2971 et
2684 2911 3028 2972 husbotam
3086 2918 3152 2971 et

679 3022 1022 3100 heybotam
1064 3022 1227 3081 sicut
1271 3030 1553 3099 tempore
1596 3028 1812 3080 nostro
1856 3020 2163 3079 hactenus
2207 3018 2469 3089 habuit;
2527 3018 2619 3078 ita
2660 3018 2830 3097 quod
2870 3037 2985 3097 per
3028 3018 3153 3079 hoc

683 3128 964 3207 quietam
1008 3126 1326 3204 seysinam
1375 3146 1502 3186 non
1551 3125 1785 3185 habeat
1827 3124 2025 3184 donec
2068 3124 2130 3183 in
2178 3124 2631 3202 Episcopatum
2676 3132 2965 3184 nostrum
3008 3144 3151 3203 per·

685 3233 988 3294 sonaliter
1029 3232 1374 3295 veniamne.
1460 3231 1763 3294 Valeatis.
1852 3231 2094 3291 Datum
2133 3230 2299 3309 apud
2352 3229 3011 3301 westmonasterium,
3057 3229 3151 3308 iiij

682 3339 840 3400 Idus
880 3338 1053 3399 Maii.

676 3545 1373 3606 Memorandum.—The
1409 3543 1577 3621 riqht
1605 3544 1674 3621 of
1707 3542 1918 3619 qivinq
1956 3540 2027 3601 in
2064 3541 2371 3619 marriaqe
2415 3541 2513 3601 the
2556 3541 2714 3601 heir-s·
2753 3542 2823 3620 of
2864 3542 3159 3603 Wilziam

922 3626 1238 3687 Marmion
1285 3625 1342 3686 is
1393 3624 1763 3703 transferred
1815 3631 1872 3683 to
1925 3623 2021 3683 the
2070 3622 2306 3701 Bishop
2335 3624 2445 3702 for
2484 3626 2606 3682 250
2644 3622 2869 3681 ‘mm-ks,
2962 3624 3157 3684 Their

921 3706 1237 3785 wardship
1285 3726 1410 3765 was
1452 3705 1671 3782 offered
1715 3712 1773 3764 to
1820 3704 1949 3762 him
1976 3705 2084 3783 for
2125 3707 2246 3763 300
2284 3703 2509 3773 marks,
2554 3703 2659 3762 but
2700 3710 2804 3763 not
2844 3705 3153 3782 accepted.

923 3788 1051 3850 For
1095 3788 1192 3848 the
1233 3794 1435 3856 estate,
1483 3786 1583 3845 till
1626 3786 1722 3845 the
1766 3784 1926 3844 heirs
1970 3804 2118 3844 were
2159 3784 2229 3863 of
2262 3804 2387 3861 aye,
2436 3784 2505 3843 he
2545 3784 2766 3862 offered
2807 3786 3009 3844 3100.

843 3943 1325 4006 Memorandum
1407 3944 1574 4023 quod
1642 3944 1936 4004 dominus
2005 3943 2337 4022 Philippus
2417 3943 2757 4004 Marmiun¹
2831 3946 3159 4007 concessit

685 4051 962 4113 Domino
1031 4050 1428 4129 maritagium
1496 4050 1829 4121 Johannis,
1882 4047 2013 4109 'filii
2082 4056 2146 4109 et
2214 4048 2463 4110 heredis
2533 4048 2769 4110 domini
2838 4049 3155 4112 willelmi

681 4156 1040 4235 Marmyun,
1127 4163 1190 4217 et
1275 4157 1536 4216 aliorum
1620 4155 1924 4216 heredum
2015 4155 2170 4215 dicti
2254 4154 2571 4227 Willelmi,
2658 4154 2821 4215 infra
2903 4160 3153 4217 etatem

680 4262 1116 4335 existencinm,
1173 4282 1287 4342 pro
1343 4261 1504 4325 CCL
1557 4260 1808 4322 mareis.
2746 4267 2751 4277 ‘

847 4393 1010 4454 Item
1055 4392 1330 4454 wardam
1387 4392 1749 4453 eorumdem
1792 4391 2091 4452 heredum
2136 4390 2366 4469 optulit
2409 4390 2615 4451 dictus
2655 4390 2995 4470 Philippus
3039 4412 3159 4472 pro

686 4498 843 4561 000
885 4498 1150 4569 marcis;
1196 4506 1410 4558 tamen
1451 4496 1597 4557 inde
1640 4516 1764 4557 non
1808 4503 1904 4558 est
1946 4502 2345 4559 conventum.

846 4628 1045 4691 Offert
1103 4628 1412 4689 Dominus
1467 4646 1580 4706 pro
1623 4627 1839 4687 warda
1888 4632 2194 4687 terrarum
2241 4625 2540 4686 Willelmi
2587 4625 2901 4686 Mai-mion
2945 4646 3157 4709 usque

686 4737 767 4798 ad
811 4736 1064 4815 plenam
1105 4740 1342 4795 etatem
1398 4733 1711 4795 Johannis
1769 4732 2016 4792 heredis
2059 4731 2378 4802 Willelmi,
2424 4737 2487 4792 et
2531 4731 2796 4791 aliorum
2838 4731 3155 4794 heredum

837 4870 1062 4917 l-Philip
1106 4868 1355 4913 Marmion.
1399 4870 1507 4910 who
1549 4866 1654 4908 held
1692 4867 1967 4908 'tamworth
2006 4878 2062 4907 as
2100 4864 2371 4911 hereditan-
2409 4864 2657 4911 champion
2694 4862 2746 4905 of
2790 4864 3026 4913 England.
3066 4867 3165 4909 had

685 4922 890 4964 married
916 4923 1102 4962 doanna
1129 4921 1186 4961 de
1216 4918 1419 4966 Kilpeck.
1447 4932 1476 4959 a
1503 4919 1632 4959 ward
1659 4916 1710 4958 of
1734 4918 1940 4957 william
1967 4916 2025 4957 de
2050 4915 2314 4962 cantilupe.
2342 4915 2425 4955 the
2450 4914 2625 4956 second
2660 4912 2821 4956 baron.
