3459 5617
1122 491 1421 572 Episcopi
1473 491 1955 571 Hercsordensis.
2647 495 2767 557 297

306 717 623 797 quoddam
674 719 739 776 in
788 717 937 777 villa
992 716 1069 777 de
1125 717 1329 778 Ponte
1385 716 1784 778 Charentone
1841 717 2054 786 situm,
2100 737 2243 778 cum
2299 717 2518 790 vineis,
2563 719 2768 790 terriS,

308 829 375 884 et
432 821 573 883 aliis
634 821 1037 902 pertinenciis
1093 821 1396 900 ejusdem,
1455 840 1577 900 que
1626 820 1703 881 de
1754 821 1935 882 feodo
1991 828 2200 884 vestro
2255 839 2396 883 esse
2451 823 2766 894 dicuntur,

308 935 589 1008 tempore
638 948 751 990 sue
808 927 1180 1008 prelacionis
1235 934 1299 988 et
1358 947 1483 987 non
1540 927 1792 987 aliunde
1848 947 2035 1008 quam
2096 928 2172 988 de
2229 927 2409 988 bonis
2466 929 2772 989 Ecclesie²

307 1053 420 1095 sue
500 1034 821 1094 antedicte
894 1033 1169 1105 emisset,
1257 1039 1320 1094 et
1397 1033 1463 1093 in
1521 1033 1919 1111 possessione
1993 1033 2335 1094 eorundem
2419 1053 2617 1113 usque
2686 1033 2769 1094 ad

307 1139 498 1200 finem
560 1141 709 1199 vite*
765 1145 827 1199 et
882 1143 1164 1217 tempore
1227 1157 1339 1198 sue
1396 1137 1615 1198 mortis
1677 1137 2050 1210 exstitisset,
2103 1138 2259 1216 Eg0,
2313 1137 2729 1218 W[illelmus]
2753 1186 2767 1210 ,

308 1247 688 1307 Procurator
730 1245 1078 1308 Reverendi
1121 1246 1350 1318 Patris,
1397 1244 1653 1306 Domini
1695 1245 1958 1316 Thome,
1994 1265 2161 1306 nunc
2203 1245 2445 1324 prefate
2488 1247 2772 1308 Ecclesie

312 1350 630 1430 Episcopi,
677 1370 751 1411 ac
808 1351 1089 1430 ejusdem
1138 1349 1365 1433 P[etri]
1422 1350 1801 1411 successoris
1857 1349 2137 1421 mediati,
2206 1371 2244 1411 a
2284 1349 2461 1412 vobis
2501 1351 2774 1413 dominis

314 1455 479 1517 feodi
534 1455 842 1516 dictarum
900 1455 1367 1534 possessionum
1429 1462 1577 1535 peto
1630 1455 1695 1514 in
1756 1455 1960 1515 forma
2010 1455 2168 1537 juris
2211 1455 2399 1537 quod,
2446 1475 2585 1516 cum
2631 1475 2771 1535 pos-

310 1562 509 1623 sessio
571 1560 722 1621 dicti
784 1561 1046 1622 manerii
1109 1581 1251 1621 cum
1323 1560 1454 1621 suis
1522 1561 1927 1640 pertinenciis
1990 1561 2072 1622 ad
2142 1561 2487 1622 Dominum
2558 1582 2770 1623 meum

311 1666 565 1727 nomine
608 1667 892 1728 Ecclesie
941 1686 1053 1726 sue
1098 1671 1430 1745 prenotate
1471 1665 1748 1744 legitime
1797 1667 1983 1726 fuerit
2024 1666 2339 1738 devoluta,
2384 1666 2650 1728 eandem
2692 1667 2774 1728 ad

306 1772 511 1852 ipsum
558 1751 920 1833 devolutam
967 1772 1318 1844 declaretis,
1360 1779 1424 1831 et
1466 1771 1532 1831 in
1576 1771 1841 1831 eandem
1875 1792 1992 1844 me,
2033 1773 2286 1832 nomine
2319 1773 2771 1852 procuratoriO,

310 1879 390 1939 de
428 1879 599 1939 facto
640 1878 933 1940 mittatis.
1018 1878 1107 1938 Et
1138 1879 1190 1938 si
1219 1877 1327 1957 qui
1354 1878 1771 1955 impedientes
1808 1877 2041 1938 fuerint
2075 1897 2184 1938 seu
2215 1878 2482 1938 eandem
2522 1897 2773 1959 quoquo

305 1985 493 2045 modo
555 1984 1016 2063 perturbantes,
1082 2001 1192 2045 eos
1257 1984 1633 2044 auctoritate
1697 1989 1910 2044 vestra
1980 1984 2328 2044 amoveatis
2397 1989 2460 2043 et
2531 2003 2569 2044 a
2635 2001 2772 2062 per-

309 2091 671 2151 turbacione
730 2091 845 2150 tali
903 2091 1221 2170 quiescere
1301 2088 1567 2164 faciatis,
1624 2109 1767 2149 cum
1829 2108 1961 2167 ege,
2037 2089 2288 2150 nomine
2345 2089 2774 2168 procuratorio

307 2196 565 2257 Domini
627 2196 749 2256 mei
810 2194 1132 2266 antedicti,
1194 2194 1370 2255 vobis
1432 2195 1616 2271 juxta
1677 2195 1843 2255 feodi
1907 2195 2292 2274 exigenciam
2350 2195 2416 2254 in
2480 2194 2772 2254 omnibus

307 2302 685 2382 respondere
744 2311 1005 2381 paratus
1064 2302 1349 2362 existam.
1447 2301 1587 2361 Hec
1649 2309 1799 2380 peto
1861 2320 1988 2361 non
2052 2307 2268 2362 artans
2330 2319 2431 2360 me
2489 2301 2569 2360 ad
2632 2320 2772 2379 pro·

314 2408 640 2469 bacionem
697 2409 978 2468 omnium
1037 2413 1099 2467 et
1157 2408 1543 2486 singulorum
1595 2407 2064 2486 premissorum,
2115 2407 2213 2467 vel
2270 2408 2387 2468 sub
2443 2425 2517 2467 ea
2571 2405 2774 2466 forma

310 2534 439 2595 qua
486 2523 956 2593 proponuntur;
1011 2518 1106 2574 set
1154 2519 1472 2593 quatenus
1522 2512 1640 2572 sub
1687 2531 1784 2583 ea,
1829 2512 1929 2573 vel
1980 2511 2104 2572 alia
2157 2511 2654 2590 competentiori,
2701 2531 2780 2572 ea

306 2621 651 2700 probavero
699 2639 820 2700 que
868 2619 1060 2679 michi
1104 2618 1385 2679 sufficere
1438 2618 1515 2678 de
1561 2618 1699 2697 jure
1755 2618 2048 2690 debeant,
2093 2624 2356 2679 eatenus
2415 2623 2564 2697 peto
2606 2617 2773 2698 quod

305 2727 629 2808 optineam
671 2727 736 2785 in
779 2726 1121 2805 premissis.

314 3005 467 3084 Juby
516 3008 573 3076 1,
616 3003 1314 3084 1281.—Appointment
1370 3003 1441 3064 of
1501 3002 1784 3063 William
1839 3003 1912 3064 de
1977 3002 2307 3082 Cantilupe
2362 3022 2433 3063 as
2496 3001 2772 3073 Prootor,

554 3085 825 3146 invested
866 3085 1019 3145 with
1047 3085 1181 3164 full
1211 3104 1443 3164 powers
1488 3090 1546 3144 to
1588 3091 1688 3144 act
1714 3084 1826 3163 sor
1867 3083 1964 3144 the
2005 3083 2259 3163 Bishop.

470 3267 817 3338 Universis,
864 3279 1006 3337 etc..
1044 3265 1337 3338 Thomas»,
1375 3272 1517 3338 eto„
1554 3266 1846 3337 salutem,
1882 3275 2002 3326 etc.
2089 3265 2349 3326 Noverit
2391 3265 2772 3326 universitas

304 3379 513 3434 vestra
568 3373 733 3452 quod
790 3373 1085 3433 dilectum
1145 3371 1325 3432 nobis
1380 3373 1444 3431 in
1502 3372 1777 3443 Christo,
1843 3372 2229 3432 Willelmum
2271 3371 2348 3432 de
2414 3371 2768 3449 Cantilupo,

305 3479 600 3540 clericum
638 3488 944 3550 nostrum,
969 3479 1254 3549 facimus,
1280 3478 1744 3549 constituimus,
1777 3486 1841 3538 et
1874 3477 2238 3538 ordinamus
2267 3478 2770 3547 Procuratorem,

304 3585 557 3645 nomine
613 3590 830 3644 nostro
888 3589 951 3644 et
1012 3584 1296 3644 Ecclesia
1376 3590 1589 3645 nostre
1650 3584 1986 3654 antedicte,
2061 3585 2126 3643 in
2187 3583 2478 3644 omnibus
2536 3583 2765 3653 causis,

306 3698 448 3764 etc.,
494 3692 735 3762 domne,
780 3691 1015 3760 vineas,
1061 3697 1281 3761 terras,
1327 3691 1425 3751 vel
1466 3710 1857 3770 quecumque
1913 3690 2053 3763 alia,
2099 3691 2228 3750 sive
2276 3689 2516 3749 rustica
2555 3686 2774 3766 predia

304 3798 537 3859 fuerint
580 3797 711 3858 sive
753 3797 1013 3868 urbana,
1061 3797 1139 3856 ad
1185 3816 1299 3856 nos
1343 3797 1594 3856 nomine
1644 3802 1862 3856 nostro
1903 3795 2001 3856 vel
2051 3795 2335 3854 Ecclesia
2376 3802 2589 3854 nostre
2631 3811 2766 3870 per-

300 3903 597 3974 tinencia,
640 3901 913 3980 petendi,
951 3907 1015 3962 et
1059 3902 1519 3981 possessionem
1564 3901 1903 3962 eorundem
1950 3899 2344 3971 admittendi,
2383 3905 2447 3960 et
2502 3899 2766 3959 eandem

299 4009 553 4069 nomine
602 4016 819 4068 nostro
876 4008 1152 4077 tenendi,
1198 4028 1270 4068 ac
1326 4008 1596 4068 dominis
1640 4008 1808 4068 feodi
1849 4027 1924 4068 60
1970 4007 2182 4086 [quod]
2243 4006 2476 4066 eisdem
2519 4024 2765 4083 posses·

300 4115 583 4175 sionibus
638 4115 885 4175 racione
943 4115 1109 4174 feodi
1170 4133 1281 4174 seu
1338 4133 1564 4174 census
1619 4115 1958 4194 quicquam
2006 4113 2318 4192 pertinere
2372 4118 2583 4191 potest
2639 4111 2766 4172 suf-

300 4221 586 4282 ficienter
658 4220 909 4280 nomine
980 4225 1198 4280 nostro
1268 4219 1725 4299 respondendi;
1806 4219 2021 4279 omnia
2086 4237 2334 4298 quoque
2400 4216 2762 4287 immobilia,

300 4326 575 4397 mobilia,
620 4345 731 4385 seu
794 4345 862 4386 se
926 4326 1269 4396 movenoia,
1336 4325 1417 4386 ad
1485 4325 1840 4384 Ecclesiam
1908 4329 2188 4384 nostram
2257 4339 2509 4402 quoquo
2579 4321 2766 4381 modo

299 4432 708 4512 pertinencia,
760 4431 813 4492 si
871 4450 995 4510 qua
1053 4450 1165 4509 per
1221 4431 1495 4511 aliquem
1548 4417 2084 4510 predecessorem'
2113 4433 2395 4489 nostrum
2453 4428 2561 4508 qui
2617 4433 2766 4487 ante

300 4558 415 4599 nos
477 4538 752 4597 mediate
794 4537 892 4597 vel
954 4536 1319 4596 immediate
1370 4537 1653 4597 Ecclesie
1702 4535 1932 4614 prefuit
1979 4534 2296 4594 antedicte
2344 4533 2554 4592 minus
2595 4531 2764 4610 juste

301 4643 536 4705 fuerint
570 4641 930 4703 abalienata
963 4641 1321 4721 repetendi:
1354 4643 1609 4721 insuper
1635 4647 1699 4702 et
1729 4641 1855 4702 alia
1882 4641 2094 4700 omnia
2121 4645 2184 4700 et
2217 4638 2461 4718 singula
2495 4638 2764 4698 faciendi

425 4781 646 4822 l-There
672 4779 715 4820 is
742 4789 803 4820 no
827 4777 1047 4820 evidence
1073 4781 1126 4819 to
1152 4777 1479 4820 substantiata
1503 4778 1603 4819 this
1638 4778 1794 4824 claim.
1828 4776 1986 4820 which
2020 4787 2176 4818 seems
2207 4773 2524 4817 Inconsistent
2553 4773 2672 4818 with
2688 4774 2773 4816 the

298 4833 451 4872 tenna
477 4829 528 4872 of
554 4841 615 4871 an
641 4829 812 4871 earlier
837 4829 979 4870 letter
1002 4825 1065 4876 (ρ.
1091 4827 1198 4873 248).

422 4879 705 4921 2-William
732 4880 789 4920 de
816 4879 1080 4926 Cantilupe.
1109 4890 1195 4920 son
1222 4876 1273 4920 ol
1298 4878 1423 4920 John
1448 4879 1532 4920 the
1559 4877 1753 4920 brother
1769 4875 1819 4919 ol
1844 4877 1926 4918 the
1955 4875 2147 4923 8181100,
2174 4873 2269 4917 had
2295 4875 2402 4922 long
2428 4873 2546 4916 been
2571 4873 2620 4914 in
2645 4873 2776 4916 close

298 4929 587 4974 attendance
612 4941 673 4970 on
701 4929 814 4976 him,
842 4929 935 4970 and
962 4937 1080 4976 gave
1107 4929 1249 4971 much
1274 4928 1495 4971 evidence
1520 4932 1572 4970 to
1596 4929 1681 4970 the
1706 4926 2024 4970 Commisslon
2049 4926 2098 4968 111
2135 4927 2248 4967 1307.
