3459 5617
1189 516 1488 596 Episcopi
1540 514 2023 595 Herefordensis.
2714 517 2834 576 289

377 743 593 805 cedule
675 748 857 804 tenor
938 744 1082 804 talis
1164 741 1690 821 est,—Significat
1771 741 2105 803 Serenitati
2180 746 2386 802 vestre
2463 742 2842 802 Procurator

375 849 724 909 Reverendi
766 849 992 920 Patris,
1035 847 1292 910 Domini
1335 846 1647 929 A[niani],
1682 846 1982 927 Episcopi
2024 845 2412 917 Assavensis‚
2441 847 2737 926 quatinus
2771 847 2837 906 in

374 974 565 1015 causa
632 954 1077 1035 appellacionis
1146 974 1257 1016 seu
1326 952 1824 1033 appellacionum
1899 952 2408 1032 interpositarum
2476 973 2591 1032 pro
2658 958 2838 1032 parte

376 1061 635 1123 Domini
691 1062 1171 1124 Herefordensis
1227 1060 1545 1142 Episcopi,
1596 1080 1633 1121 a
1686 1059 2060 1139 quibusdam
2121 1059 2516 1139 processibus
2578 1060 2835 1120 Domini

378 1167 849 1229 Cantuariensis
905 1166 1390 1247 Archiepiscopi,
1433 1166 1597 1227 inter
1652 1165 1854 1226 dictas
1908 1169 2120 1245 partes
2175 1186 2212 1225 a
2269 1164 2428 1226 Sede
2477 1163 2840 1245 Apostolica

377 1274 417 1334 J
419 1272 619 1333 udicis
666 1272 951 1351 delegati,
981 1292 1168 1352 super
1207 1272 1643 1353 jurisdiccione
1683 1272 2076 1351 quorundam
2119 1276 2485 1342 castrorum,
2527 1270 2836 1342 villarum,

376 1384 441 1439 et
502 1378 765 1439 aliorum
828 1378 1107 1439 locorum
1176 1378 1306 1439 sive
1374 1382 1679 1438 terrarum
1750 1397 1824 1437 ac
1888 1376 2400 1456 jurisdiccionum
2469 1375 2842 1438 Assavensis

376 1484 661 1555 dionesie,
727 1484 874 1544 dare
936 1482 1053 1544 sibi
1116 1482 1457 1563 dignemini
1519 1483 1886 1554 auditorem,
1952 1482 2058 1562 qui
2121 1502 2374 1543 causam
2437 1501 2548 1543 seu
2617 1502 2840 1543 causas

378 1588 822 1667 appellacionis
889 1609 1003 1649 seu
1071 1588 1567 1668 appellacionum
1630 1594 1693 1649 et
1756 1588 1996 1667 negocii
2057 1588 2419 1668 principalis
2481 1588 2711 1660 audiat,
2773 1593 2840 1650 et

376 1694 585 1755 debito
654 1694 781 1755 fine
849 1695 1112 1767 decidat,
1178 1694 1231 1755 si
1300 1714 1490 1755 causa
1552 1700 1649 1755 est
1710 1694 1779 1753 in
1849 1694 2054 1765 Curia,
2119 1694 2432 1755 Dominus
2501 1694 2836 1767 Gerardus,

378 1800 745 1861 Cardinalis.
850 1800 987 1879 Ego
1029 1800 1069 1860 J
1070 1800 1370 1871 ohanneS,
1434 1801 1749 1879 quondam
1794 1800 2075 1862 Oddonis
2132 1800 2420 1871 Blanchi,
2477 1801 2630 1862 civis
2689 1801 2839 1861 Par·

382 1905 635 1975 mensis,
667 1905 1027 1985 Apostolica
1060 1905 1431 1966 auctoritate
1472 1906 1773 1976 notarius,
1819 1906 1896 1966 de
1937 1906 2234 1967 mandato
2274 1906 2538 1986 predicti
2581 1906 2837 1967 Domini

380 2009 761 2081 Sabinensis,
826 2010 1239 2091 prescriptam
1295 2011 1800 2073 commissionem
1857 2012 1934 2073 de
1989 2016 2265 2092 regestro
2321 2012 2518 2091 ipsius
2580 2011 2839 2073 Domini

383 2114 746 2176 Sabinensis
788 2116 1153 2195 transcripsi
1202 2115 1279 2177 de
1321 2115 1509 2177 verbo
1563 2117 1642 2176 ad
1682 2116 1961 2187 verbum,
2004 2122 2068 2177 et
2117 2117 2183 2177 in
2225 2117 2538 2197 publicam
2573 2117 2838 2178 formam

378 2220 604 2299 redegi,
688 2240 952 2299 meoque
1034 2221 1220 2283 solito
1301 2222 1481 2302 signo
1562 2222 1822 2302 signavi,
1892 2243 2059 2284 anno
2141 2224 2201 2283 N
2206 2224 2509 2284 ativitatis
2579 2224 2838 2284 Domini

383 2325 935 2397 M⁰CG⁰LXXXI⁰,
978 2326 1342 2388 Indiccione
1381 2346 1565 2399 nona,
1630 2327 1729 2387 die
1772 2327 1876 2408 xiij
1921 2328 2158 2389 mensis
2207 2328 2380 2400 Maii,
2423 2328 2842 2391 Pontificatus

378 2431 636 2491 Domini
680 2431 939 2491 Martini
981 2433 1151 2511 Pape
1195 2432 1414 2507 Quarti
1457 2453 1622 2494 anno
1662 2433 1884 2513 primo.

378 2747 545 2808 John
602 2746 677 2807 cle
738 2747 917 2808 Clare
973 2746 1229 2825 informs
1288 2747 1386 2808 the
1444 2748 1636 2808 Abbot
1690 2749 1763 2827 os
1807 2736 2092 2827 Reading'y
2135 2748 2269 2809 that
2313 2750 2410 2809 the
2450 2750 2686 2830 Bishop
2729 2750 2842 2812 has

620 2827 887 2889 received
947 2828 1045 2888 the
1102 2828 1319 2907 Kinq’s
1381 2828 1550 2889 letter
1608 2828 1863 2907 brouqht
1922 2830 1996 2908 by
2055 2830 2153 2891 the
2207 2830 2450 2891 Abbot‘s
2492 2851 2839 2909 messenqer,

623 2908 729 2968 but
786 2908 843 2969 is
897 2909 1119 2969 unable
1179 2915 1237 2970 to
1291 2909 1480 2989 πρίῃ,
1524 2930 1593 2970 as
1648 2930 1727 2970 no
1783 2930 2017 2971 answer
2073 2910 2182 2971 has
2241 2911 2382 2971 been
2419 2911 2598 2990 qiven
2641 2919 2697 2972 to
2742 2912 2838 2973 his

618 2988 1419 3149 ῗατῑῶενρὲῧῗωητιπίοαιίοπ
1484 2990 1830 3070 suqqestinq
1895 2991 2056 3052 three
2113 2991 2382 3071 possible
2448 2992 2842 3054 alternative-3

648 3090 704 3130 v.
740 3090 806 3149 p.
1006 3117 1018 3129 .

540 3236 766 3297 Abbati
822 3238 1203 3317 Badingensi
1260 3238 1300 3299 J
1320 3238 1645 3316 [ohannes]
1708 3239 1786 3299 de
1842 3238 2021 3300 Clare
2065 3239 2350 3300 salutem.
2472 3238 2568 3298 Ad
2622 3240 2836 3301 nuncii

373 3343 585 3414 vestri,
617 3342 833 3405 latoris
874 3343 1285 3423 presencium,
1316 3344 1653 3403 adventum
1689 3344 1768 3404 ad
1803 3344 2147 3404 Dominum
2182 3364 2392 3405 meum
2431 3345 2838 3424 Episcopum,

375 3448 729 3509 declarandi
798 3456 863 3509 et
930 3469 1043 3511 vos
1116 3448 1550 3527 premuniendi
1617 3452 1849 3527 [causa]
1917 3450 1994 3510 de
2055 3450 2306 3511 omissis
2367 3451 2695 3530 aliquibus,
2766 3455 2840 3511 ut

374 3553 639 3625 videtur,
704 3554 1083 3615 Reverencie
1140 3560 1346 3615 vestre
1403 3554 1607 3615 scribo
1668 3556 1836 3633 quod
1906 3554 2175 3616 nuncius
2243 3562 2450 3616 vester
2515 3555 2838 3635 predictus

376 3659 621 3739 prefato
664 3659 939 3721 Domino
981 3680 1121 3721 meo
1164 3660 1479 3739 Episcopo
1520 3660 1762 3721 litteras
1806 3660 2062 3721 Domini
2105 3662 2303 3722 nostri
2345 3662 2605 3723 illustris
2646 3663 2840 3743 Regis

376 3764 599 3844 Anglie
648 3764 1021 3844 apportavit,
1070 3766 1178 3844 qm'
1234 3785 1341 3826 eas
1387 3770 1706 3844 gratanter
1756 3766 2025 3837 admisit,
2069 3772 2134 3827 et
2175 3767 2294 3847 legi
2336 3768 2484 3828 fecit
2525 3788 2670 3829 cum
2712 3790 2838 3849 qua

376 3871 587 3932 decuit
628 3872 999 3941 reverencia,
1044 3876 1108 3932 et
1149 3871 1355 3951 relegi.
1438 3871 1673 3932 Verum
1716 3872 1862 3951 quia
1902 3871 2069 3933 idem
2109 3873 2419 3934 Dominus
2461 3874 2834 3955 Episcopus,

376 3976 533 4037 satis
596 3982 878 4037 recenter
931 3977 1235 4037 reducens
1291 3976 1370 4036 ad
1426 3976 1792 4037 memoriam
1853 3997 1965 4057 per
2023 3978 2357 4058 registrum
2418 3981 2586 4058 quod
2649 4001 2838 4060 super

374 4082 595 4141 eodem
639 4081 804 4142 facto
852 4102 976 4161 quo
1026 4082 1338 4143 Dominus
1382 4086 1596 4142 noster
1644 4082 1778 4142 Rex
1819 4082 1936 4142 sibi
1979 4082 2230 4162 scripsit
2275 4084 2613 4163 adpresens
2655 4106 2836 4146 suam

376 4188 552 4249 vobis
608 4188 861 4269 scripsit
916 4208 1028 4266 per
1077 4187 1421 4249 triformem
1477 4188 1643 4248 viam
1699 4188 1854 4248 alias
1902 4187 2311 4259 voluntatem,
2360 4210 2614 4269 vosque,
2671 4190 2835 4252 sicut

378 4300 585 4355 vester
626 4294 894 4354 nuncius
949 4294 1216 4355 asseruit
1268 4293 1625 4373 requisitus,
1682 4293 1877 4353 nichil
1930 4294 2134 4354 eidem
2189 4294 2464 4356 Domino
2519 4295 2836 4376 Episcopo

378 4398 458 4457 ad
500 4398 775 4477 aliquam
816 4397 1058 4457 viarum
1099 4398 1508 4477 rescripsistis
1549 4398 1803 4477 penitus
1843 4398 1968 4458 ista
2007 4398 2159 4470 vice,
2200 4400 2369 4479 quod
2410 4400 2739 4480 aliquibuS,
2783 4402 2838 4463 si

375 4504 470 4565 fas
528 4509 627 4565 est
683 4503 969 4575 scribere,
1028 4504 1237 4564 minus
1291 4503 1608 4565 curialiter
1660 4504 1965 4564 omissum
2019 4524 2158 4566 esse
2213 4504 2474 4565 videtur.
2599 4506 2839 4568 Iccirco

380 4609 547 4670 idem
591 4609 903 4670 Dominus
942 4608 1313 4688 EpiscopuS,
1356 4628 1485 4669 non
1528 4608 1889 4689 dedignans,
1932 4609 2095 4670 sicut
2135 4610 2367 4672 nuncio
2410 4616 2617 4673 vestro
2659 4612 2835 4684 dixit,

376 4721 473 4776 set
530 4734 651 4794 que
706 4714 882 4775 vobis
938 4714 1205 4775 scribere
1260 4714 1547 4775 nesciens
1602 4734 1678 4775 ex
1725 4734 1850 4793 quo
1906 4733 2016 4775 vos
2071 4714 2191 4774 sibi
2246 4715 2439 4775 nichil
2493 4716 2833 4798 scripsistis

375 4820 455 4879 ad
526 4839 675 4880 suas
742 4819 981 4897 priores
1051 4819 1293 4880 litteras
1368 4819 1822 4898 responsivum
1900 4818 2076 4881 vobis
2151 4820 2490 4899 adpresens
2565 4823 2836 4885 scribere

368 4944 501 4989 non
562 4924 855 4987 decrevit.
