3459 5617
356 1656 454 1698 Fol.
482 1656 554 1699 7b.

646 496 722 556 18
1276 496 1632 576 Reqistrum
1688 498 1909 559 Thomc
1961 498 2035 560 de
2094 498 2427 577 Cantilupo

643 720 900 780 Domini
942 721 1226 799 proximo
1269 740 1558 802 sequens.
1646 723 1885 783 Datum
1928 722 2294 795 Londoniis‚
2336 742 2419 784 xv
2461 722 2783 783 Kalendas
2828 722 3100 783 Novem-

641 828 788 900 bris,
835 847 1003 888 anno
1043 828 1342 908 predicto.

647 1072 773 1132 Oct.
803 1072 1193 1133 21.—Lette‘r
1235 1079 1293 1132 to
1336 1072 1632 1133 Edmund
1671 1072 1746 1133 dc
1782 1072 2115 1152 Waresclde
2157 1072 2493 1152 insorminy
2537 1072 2667 1133 him
2708 1073 2843 1133 that
2884 1072 3103 1151 Hem-y

884 1153 957 1213 de
1033 1152 1385 1214 Woodstock
1455 1153 1564 1213 has
1632 1152 2011 1213 undertaken
2080 1160 2138 1213 to
2199 1154 2418 1233 defend
2481 1153 2578 1214 the
2646 1154 2776 1213 suit
2832 1155 2941 1232 for
3004 1154 3103 1215 the

877 1234 1144 1313 prebend
1185 1234 1255 1313 of
1287 1234 1546 1294 Preston
1586 1241 1644 1294 to
1684 1234 1889 1295 ivhich
1932 1234 2002 1295 he
2044 1234 2153 1294 has
2199 1234 2340 1294 been
2380 1234 2655 1305 collated,
2704 1234 2831 1294 and
2880 1233 3100 1295 direct·

885 1315 990 1392 ‘inq
1035 1315 1168 1374 that
1212 1315 1308 1375 the
1355 1314 1564 1375 record
1603 1316 1675 1393 os
1710 1315 1809 1375 the
1844 1314 2237 1394 proccedinqs
2288 1316 2355 1375 be
2394 1314 2705 1375 entrwted
2748 1322 2807 1375 to
2848 1315 3101 1377 Barda-3

885 1397 955 1474 of
987 1394 1363 1473 Poqqibonzi
1415 1416 1484 1455 as
1540 1396 1795 1456 Proctor
1836 1396 1945 1474 sor
1999 1396 2214 1474 chry
2254 1396 2329 1457 dc
2385 1395 2755 1457 Woodstock.
2856 1396 2907 1455 A
2954 1416 3101 1476 copy

882 1477 953 1556 of
989 1476 1085 1536 the
1131 1477 1300 1537 letter
1338 1483 1470 1537 sent
1513 1484 1570 1535 to
1613 1477 1861 1537 Bardus
1906 1476 1961 1537 is
2004 1476 2293 1537 enclosed.

799 1636 1177 1697 Emmnnus
1231 1654 1319 1695 nn
1364 1636 2192 1708 walamnum—Thomas,
2237 1640 2383 1707 etc„
2426 1636 2655 1697 dilecto
2697 1634 3099 1696 Procurator-i

643 1761 776 1813 suo,
822 1744 1121 1821 magistro
1167 1743 1504 1804 Edmundo
1546 1744 1624 1804 de
1667 1743 2043 1815 Wareielde,
2088 1743 2361 1803 salutem
2405 1762 2550 1802 cum
2594 1742 2936 1803 dileccione
2978 1741 3103 1802 sin-

643 1868 805 1909 cera.
910 1849 1253 1909 Scribimus
1310 1849 1608 1927 magistro
1677 1848 1914 1920 Bardo,
1986 1849 2387 1909 Procuratori
2456 1854 2691 1919 nostre,
2757 1850 2824 1908 in
2900 1848 3103 1909 forma

641 1955 900 2016 inferius
955 1955 1666 2027 annotata,—Thomas,
1725 1954 2134 2015 miseracione
2196 1954 2411 2013 divina
2476 1953 2831 2032 Episcopus
2902 1954 3100 2014 Here-

641 2063 969 2135 fordensis‚
1001 2061 1231 2123 dilecto
1274 2061 1670 2123 Procuratori
1713 2080 1847 2134 suo,
1880 2060 2179 2139 magistro
2220 2060 2435 2121 Bardo
2474 2060 2553 2121 de
2596 2060 2794 2120 Podio
2838 2060 3103 2130 Bonisii,

639 2168 910 2229 salutem
959 2185 1102 2227 cum
1154 2166 1494 2227 dileccione
1554 2166 1819 2227 sincera.
1920 2164 2085 2238 Quia
2130 2164 2516 2244 prebendam
2561 2164 2640 2224 de
2688 2164 2995 2225 Prestone
3035 2164 3104 2224 in

636 2274 924 2335 Ecclesia
981 2271 1453 2345 Hereiordensi,
1498 2291 1688 2351 super
1742 2290 1869 2350 qua
1920 2270 2299 2352 inquietavit
2356 2290 2473 2332 nos
2528 2271 2599 2331 P.
2647 2271 2727 2331 de
2774 2270 3099 2349 Langone,

637 2380 864 2440 dilecto
935 2379 1152 2450 amico,
1224 2378 1478 2438 domino
1551 2378 1829 2438 Henrico
1892 2377 1970 2437 de
2034 2376 2475 2449 Wodestocke,
2538 2375 2801 2437 illustris
2864 2376 3102 2453 Regino

638 2486 860 2566 Anglie
917 2486 1306 2548 Cancellario
1364 2492 1430 2546 et
1488 2484 1715 2545 clerico
1770 2482 2046 2563 speciali,
2100 2501 2246 2543 cum
2297 2501 2413 2543 suo
2467 2501 2655 2544 onere
2712 2481 3101 2543 contulimus

636 2592 874 2653 intuitu
935 2591 1253 2663 caritatis;
1325 2591 1432 2670 qui
1495 2610 1682 2651 cause
1747 2610 1935 2667 super
1994 2590 2132 2669 ipsa
2188 2594 2359 2650 mote
2417 2588 2844 2649 defensionem
2901 2588 2968 2648 in
3033 2607 3103 2649 se

638 2704 863 2777 sponte
905 2698 1199 2776 suscepit,
1241 2702 1304 2758 et
1348 2716 1464 2757 nos
1506 2714 1618 2774 pro
1659 2695 1889 2755 futuris
1933 2695 2340 2773 temporibus,
2385 2702 2695 2776 quantum
2738 2694 2818 2755 ad
2862 2713 2938 2754 ea
2981 2712 3104 2774 que

637 2823 897 2865 causam
959 2804 1350 2881 contingunt,
1421 2801 1794 2880 indempnes
1858 2820 2108 2862 servare
2172 2800 2441 2861 fideliter
2507 2799 2901 2879 repromisit;
2974 2800 3099 2861 dis-

634 2910 983 2972 crecionem
1025 2914 1303 2969 vestram
1352 2908 1689 2969 affectuose
1739 2908 2114 2987 requirimus
2157 2913 2218 2967 et
2268 2926 2559 2986 rogamus
2602 2908 2902 2986 quatinus
2944 2906 3101 2967 dicti

636 3014 898 3076 Henrici
956 3014 1161 3076 velitis
1219 3033 1357 3074 esse
1427 3014 1493 3073 in
1562 3033 1757 3075 causa
1814 3012 2096 3092 predicta
2154 3012 2417 3091 diligens
2474 3013 2871 3084 Procurator,
2934 3013 3099 3073 sicut

637 3130 855 3180 noster
908 3121 1110 3179 nostri
1163 3118 1364 3198 gratia
1418 3118 1730 3179 hactenus
1787 3118 2102 3189 extitistis,
2148 3137 2396 3178 summo
2452 3137 2638 3197 opere
2680 3127 3094 3196 procurantes

637 3231 710 3286 ut
775 3244 890 3285 nos
951 3224 1202 3285 racione
1261 3224 1427 3285 dicte
1487 3244 1676 3286 cause
1740 3244 1856 3285 nec
1920 3225 2266 3303 dampnum
2327 3244 2442 3285 nec
2491 3224 2837 3303 periculum
2888 3224 3097 3283 incur·

636 3347 871 3389 ramus.
973 3328 1133 3389 Cum
1181 3327 1352 3387 enim
1401 3327 1633 3387 dictam
1682 3328 2067 3406 prebendam
2117 3347 2232 3388 nec
2281 3327 2718 3407 possideamus
2775 3348 2891 3388 nec
2949 3328 3096 3388 dolo

637 3432 1006 3494 desierimus
1054 3432 1394 3511 possidere,
1446 3434 1706 3513 ejusque
1756 3452 2082 3513 possessor
2127 3454 2287 3506 eam,
2340 3454 2466 3494 non
2515 3434 2646 3495 litis
2696 3435 2949 3513 ignarus
3000 3440 3099 3495 set

637 3558 829 3599 onera
887 3541 997 3617 [et]
1052 3538 1331 3617 pericula
1387 3539 1610 3611 sciens,
1657 3540 1963 3619 receperit
2021 3539 2086 3598 in
2132 3558 2220 3611 se,
2265 3540 2517 3601 videtur
2569 3540 2859 3601 decetero
2907 3559 3097 3601 omne

636 3664 797 3706 onus
831 3646 995 3724 quod
1040 3644 1282 3705 accidet
1326 3646 1695 3726 suscepisse,
1729 3652 1793 3707 et
1836 3665 1952 3706 nos
1994 3666 2107 3725 per
2146 3665 2537 3725 consequens
2578 3646 2898 3719 liberasse,
2932 3646 3101 3726 quod

638 3757 703 3811 et
745 3751 811 3810 in
855 3770 921 3811 se
970 3756 1318 3830 spontanea
1366 3753 1694 3813 voluntate
1742 3754 2038 3831 suscepit.
2150 3751 2355 3813 Mittit
2404 3758 2621 3814 autem
2666 3753 2747 3813 ad
2795 3770 2911 3815 vos
2962 3772 3101 3832 pre·-

637 3856 845 3916 dictus
903 3856 1195 3917 dominus
1265 3857 1582 3918 Henricus
1641 3858 1957 3939 quendam
2029 3859 2325 3919 clericum
2388 3858 2467 3920 ad
2529 3858 2971 3919 instruendum
3034 3865 3099 3920 et

635 3960 1104 4021 informandum
1163 3980 1275 4023 vos
1343 3962 1590 4040 plenius
1659 3963 1726 4022 in
1789 3982 1981 4023 causa
2040 3963 2344 4042 predicta,
2407 3970 2472 4023 et
2542 3964 2650 4043 qui
2708 3982 2822 4042 pro
2883 3962 3099 4024 labore

635 4072 848 4128 vestro
903 4067 1314 4146 imposterum
1369 4087 1481 4147 pro
1538 4069 1900 4130 defensione
1954 4069 2119 4129 dicte
2168 4089 2355 4130 cause
2395 4069 2574 4131 vobis
2615 4076 2679 4130 et
2722 4069 2865 4129 aliis
2906 4070 3095 4131 advo-

635 4173 798 4233 catis
852 4172 918 4231 in
973 4171 1193 4232 eadem
1250 4191 1446 4233 causa
1501 4173 1847 4234 satisfaciet
1901 4180 2349 4254 competenter.
2453 4174 2710 4253 Nosque
2766 4178 2979 4234 autem
3031 4181 3096 4234 et

635 4280 842 4340 dictus
887 4279 1265 4357 H[enricus]
1313 4280 1643 4339 scribimus
1688 4280 1980 4341 Bandino
2022 4288 2085 4341 et
2126 4280 2265 4341 aliis
2310 4277 2493 4341 sociis
2536 4279 2687 4352 suis,
2733 4278 3093 4340 mercatori-

637 4386 756 4447 bus
805 4386 1097 4457 Lucanis,
1149 4385 1315 4464 quod
1355 4385 1532 4448 vobis
1583 4405 1944 4465 processum
1996 4387 2164 4447 dicte
2212 4406 2401 4448 cause
2451 4386 2725 4448 tradant.
2831 4387 3091 4456 Datum,

636 4498 757 4552 etc.
849 4490 984 4551 Iste
1025 4496 1122 4551 est
1165 4496 1346 4551 tenor
1386 4490 1594 4551 littere
1636 4492 1804 4553 dicto
1844 4492 2059 4552 Bardo
2100 4491 2357 4554 directe.
2456 4492 2544 4553 Et
2584 4492 2733 4572 quia
2774 4491 2851 4551 de
2896 4490 3093 4563 vobis,

636 4596 934 4675 magister
987 4596 1382 4670 Eadmunde,
1427 4597 1783 4676 specialiter
1835 4598 2227 4670 confidimus,
2273 4617 2568 4677 rogamus
2615 4596 2918 4676 quatinus
2970 4602 3101 4657 tra·

636 4703 866 4763 dicioni
926 4722 1255 4782 processus
1317 4703 1530 4764 Bardo
1594 4704 1877 4764 faciende
1935 4704 2260 4777 intersitis,
2309 4724 2453 4764 cum
2516 4702 2683 4763 tradi
2741 4702 3091 4781 contingat.

635 4807 939 4871 Valeatis.
1053 4807 1291 4867 Datum
1361 4807 1724 4880 Londoniis‚
1798 4806 1883 4867 xii
1954 4807 2275 4868 Kalendas
2340 4806 2736 4868 Novembris.
2844 4806 3093 4867 Statum

636 4914 803 4975 dicte
851 4932 1037 4975 cause
1085 4913 1265 4975 nobis
1312 4934 1424 4993 per
1471 4914 1960 4975 intervenientes
2015 4914 2374 4993 {requenter
2428 4912 2781 4992 significare
2835 4911 3089 4974 curetis.
