3459 5617
294 1500 389 1541 1201.

606 502 723 561 284
1020 469 1027 477 ’
1264 502 1619 581 Reqistrum
1674 504 1895 565 mom
1949 504 2022 565 aa
2081 503 2412 583 Cantiwpo

604 752 764 813 June
810 756 905 823 13,
942 754 1284 813 lem—In
1326 753 1423 813 the
1455 772 1740 831 presence
1781 754 1851 831 os
1887 754 1986 814 the
2027 754 2246 832 Kinq’s
2293 755 2642 826 Treasurer,
2688 756 2785 815 the
2827 754 3070 834 Bishop

844 834 915 907 of
934 832 1221 893 Norwich.
1260 834 1385 893 and
1425 834 1646 904 others,
1676 834 1729 894 it
1770 854 1897 895 was
1937 835 2157 913 aqreed
2201 836 2336 895 that
2380 836 2478 895 the
2519 835 2764 915 dispute
2803 836 3072 896 between

848 915 945 973 the
986 914 1251 993 Bishops
1293 916 1361 991 of
1398 915 1699 991 Heresord
1742 916 1868 974 and
1913 917 2005 976 St.
2051 916 2264 995 Asaph
2305 916 2526 977 should
2568 916 2634 976 be
2683 916 2952 992 referred
3005 924 3068 977 to

848 995 945 1055 the
986 996 1359 1055 arbitration
1389 996 1457 1071 of
1496 996 1593 1055 the
1642 996 1991 1067 Treasnrer,
2039 996 2211 1056 Luke
2253 997 2326 1056 de
2369 1001 2510 1068 Bre,
2545 997 2642 1057 the
2673 998 3069 1057 Archdeacon

843 1080 916 1151 of
946 1079 1038 1136 St.
1085 1074 1316 1155 Asaph,
1360 1076 1486 1135 and
1531 1077 1799 1153 Greyory
1843 1076 1915 1135 de
1957 1078 2302 1153 Keyrwent,
2341 1078 2476 1137 who
2512 1078 2734 1138 should
2768 1078 2918 1139 visit
2963 1078 3066 1137 the

843 1156 1087 1217 district
1128 1156 1197 1215 in
1236 1156 1532 1235 question,
1577 1157 1703 1215 and
1748 1156 1884 1217 take
1927 1158 2201 1218 evidence
2242 1158 2311 1217 in
2347 1158 2617 1237 Enqlish
2652 1158 2778 1218 and
2824 1159 3063 1230 Welsh5

847 1236 943 1297 the
995 1245 1108 1297 two
1163 1237 1427 1315 Bishops
1475 1238 1766 1316 pledyiny
1819 1238 2165 1299 themselves
2213 1238 2410 1299 under
2452 1259 2494 1298 a
2533 1239 2792 1319 penalty
2841 1240 2912 1317 os
2951 1260 3066 1299 one

844 1318 1121 1378 hundred
1152 1320 1395 1397 pounds
1448 1324 1506 1379 to
1553 1317 1792 1379 observe
1845 1319 1942 1379 the
1990 1319 2328 1379 conditione
2380 1319 2511 1379 laid
2557 1320 2751 1380 down.

763 1476 1280 1535 Gouraomssuu
1334 1493 1535 1534 INTER.
1591 1476 1896 1536 Doumos
1953 1476 2547 1536 Hnauronnnnsnu
2603 1494 2687 1535 m·
2740 1478 3066 1536 Assumit·

600 1580 969 1641 snm—Sub
1011 1599 1177 1640 anno
1235 1580 1489 1640 Domini
1536 1580 1964 1641 M⁰CC⁰LXX⁰
2003 1587 2246 1653 octav0,
2292 1582 2399 1660 xiij
2447 1582 2546 1641 die
2589 1582 2822 1642 mensis
2863 1582 2904 1641 J
2907 1582 3066 1653 unii,

599 1686 665 1746 in
719 1686 964 1764 palacio
1020 1686 1214 1763 Regio
1269 1685 1437 1763 apud
1494 1686 2145 1758 Westmonasterium,
2192 1688 2258 1746 in
2315 1706 2566 1748 camera
2623 1687 2857 1747 Prioris
2914 1687 3067 1746 Pro-

598 1792 883 1853 vincialis
925 1792 1216 1851 Fratrum
1281 1791 1754 1851 Predicatorum
1817 1792 1884 1851 in
1947 1791 2194 1870 Anglia,
2255 1792 2650 1871 presentibus
2709 1792 3068 1853 Venerabili

602 1898 789 1958 Patre
849 1896 1120 1957 Domino
1180 1896 1512 1969 willelmo,
1574 1896 1983 1976 Norwycensi
2039 1897 2373 1977 EpiscopO,
2431 1904 2496 1958 et
2553 1896 2841 1957 discretis
2889 1896 3065 1968 viris,

600 2004 899 2081 magistro
954 2001 1200 2062 Thoma
1254 2001 1448 2072 Beke,
1498 2001 1752 2061 Domini
1813 2002 1998 2080 Regis
2052 2002 2491 2073 ThesaurariO,
2537 2001 2794 2062 domino
2850 2001 3069 2062 Priore

597 2108 859 2188 prefato,
911 2107 1163 2167 domino
1212 2106 1549 2167 Francisco
1599 2107 1677 2167 de
1725 2106 2033 2175 Bononia,
2080 2107 2439 2167 Professore
2484 2107 2524 2168 J
2528 2107 2657 2167 uris
2709 2106 2948 2175 Civilis,
3001 2113 3066 2167 et

596 2216 737 2276 aliis
780 2214 1019 2274 clericis
1061 2220 1124 2273 et
1167 2213 1343 2273 laicis
1391 2212 1621 2273 ibidem
1665 2212 2158 2292 quampluribus,
2205 2214 2634 2274 controversia
2681 2220 2856 2273 mota
2897 2213 3070 2273 inter

597 2318 1000 2383 venerabiles
1041 2319 1265 2378 Patres
1309 2318 1838 2378 Herefordensem
1881 2326 1946 2379 et
1995 2318 2415 2379 Assavensem
2459 2318 2830 2397 Episcopos,
2877 2338 3070 2397 super

595 2425 734 2503 jure
776 2430 839 2484 et
880 2423 1276 2502 possessione
1307 2423 1404 2483 vel
1446 2424 1628 2503 quasi
1660 2424 1988 2484 exercendi
2031 2424 2301 2484 officium
2349 2423 2726 2503 Episcopale
2771 2434 2836 2483 et
2877 2424 3068 2501 juris-

598 2530 945 2591 diccionem
1014 2530 1078 2588 in
1148 2530 1354 2607 patria
1421 2529 1750 2608 prelibata,
1818 2540 2122 2609 tanquam
2182 2530 2262 2591 ad
2327 2550 2542 2591 verum
2606 2530 2804 2609 ipsius
2863 2531 3072 2609 patrie

598 2636 1003 2695 diocesanum
1047 2634 1316 2694 debeant
1358 2634 1690 2712 pertinere,
1735 2635 1818 2696 ad
1859 2635 2126 2696 formam
2171 2635 2604 2714 compromissi
2642 2634 3069 2714 subscriptam

598 2744 675 2801 de
736 2740 1074 2801 eorundem
1133 2741 1587 2819 Episcoporum
1644 2760 1938 2819 expresso
1995 2760 2307 2802 consensu
2361 2742 2480 2802 fuit
2540 2741 2834 2813 redacta;
2897 2742 3070 2802 vide-

599 2846 745 2906 licet
808 2846 974 2925 quod
1038 2846 1343 2924 Magister
1407 2848 1613 2907 Lucas
1672 2846 1750 2907 de
1809 2846 1956 2919 Bre,
2027 2848 2080 2907 T
2083 2848 2483 2907 hesaurarius
2557 2847 3067 2918 Herefordensis,

598 2952 831 3014 arbiter
887 2954 1124 3013 electus
1187 2972 1263 3013 ex
1324 2962 1503 3032 parte
1562 2953 1712 3013 dicti
1776 2953 2030 3013 Domini
2088 2953 2387 3031 Episcopi
2443 2952 2949 3023 Herefordensis,
3003 2958 3068 3012 et

599 3058 890 3117 dominus
934 3058 1203 3130 Griffith,
1252 3058 1740 3119 Archidiaconus
1784 3059 2172 3131 Assavensis,
2214 3058 2446 3119 arbiter
2485 3058 2726 3119 electus
2769 3076 2848 3119 ex
2891 3066 3068 3137 parte

601 3162 753 3222 dicti
797 3163 1052 3222 Domini
1087 3163 1384 3241 Episcopi
1428 3164 1546 3223 loci
1591 3164 1896 3241 ejusdem,
1935 3170 1998 3223 et
2032 3164 2332 3242 magister
2367 3163 2708 3241 Gregorius
2745 3164 2824 3224 de
2866 3163 3067 3242 Keyr·

600 3280 789 3339 went,
844 3269 1071 3328 Rector
1128 3268 1388 3329 ecclesie
1448 3269 1526 3328 de
1584 3267 1963 3348 Bokkeleye,
2018 3270 2248 3329 tercius
2308 3268 2540 3329 arbiter
2599 3269 2839 3329 electus
2895 3289 3065 3333 ,com-

598 3376 874 3434 muniter
915 3383 978 3433 et
1022 3374 1410 3434 concorditer
1454 3378 1533 3434 ab
1576 3384 1844 3454 utraque
1886 3379 2086 3452 parte,
2119 3374 2508 3434 associantes
2551 3372 2668 3434 sibi
2713 3393 3068 3435 assessores

601 3480 861 3539 clericos
904 3500 1100 3539 unum
1131 3480 1230 3540 vel
1267 3480 1497 3557 plures,
1527 3480 1807 3559 juratum
1837 3481 1933 3540 vel
1962 3481 2227 3560 juratos,
2259 3480 2422 3540 sicut
2453 3480 2744 3558 expedire
2774 3480 3063 3550 viderint,

603 3584 878 3662 linguam
926 3584 1248 3662 Anglicam
1290 3590 1353 3645 et
1384 3585 1717 3646 Wallicam
1763 3587 2184 3657 attendentes,
2215 3586 2526 3664 prefatam
2569 3585 3062 3644 controversiam

603 3691 669 3749 in
736 3691 939 3751 forma
1007 3690 1163 3768 juris
1232 3691 1569 3751 summarie
1646 3698 1710 3751 et
1780 3692 1857 3752 de
1925 3692 2135 3769 plan0,
2211 3691 2688 3769 excepcionibus
2757 3690 3067 3750 dilatoriis

601 3798 892 3869 exclusis,
958 3798 1224 3859 fideliter
1285 3798 1738 3859 examinabunt
1801 3807 1864 3859 et
1928 3797 2359 3859 terminabunt
2421 3798 2582 3857 citra
2645 3797 2812 3857 diem
2886 3798 3068 3858 Lune

601 3904 954 3982 proximum
1022 3912 1166 3982 post
1234 3904 1399 3963 diem
1472 3904 1786 3975 Oinerum,
1860 3924 2024 3964 anno
2094 3904 2412 3983 predicto;
2476 3904 2569 3963 ita
2626 3908 2840 3963 tamen
2898 3904 3066 3982 quod

602 4009 869 4070 eandem
924 4012 1191 4089 patriam
1248 4011 1325 4070 de
1384 4010 1676 4070 Gortwor
1728 4010 1886 4070 citra
1934 4010 2285 4088 proximum
2332 4009 2499 4069 diem
2539 4008 2878 4086 juridicum
2919 4018 3066 4087 post

602 4115 861 4176 Festum
910 4115 1093 4176 Beati
1146 4115 1319 4175 Petri
1378 4116 1459 4175 ad
1517 4114 1787 4175 Vincula
1845 4116 2042 4175 oculis
2100 4115 2231 4176 suis
2290 4113 2641 4185 subiceant,
2703 4133 2776 4173 ac
2836 4114 3064 4173 deinde

602 4222 822 4282 eodem
866 4221 965 4282 die
1005 4221 1288 4299 juridico,
1321 4220 1488 4300 apud
1524 4222 1917 4300 Bronretpol,
1948 4222 2118 4281 feriis
2160 4220 2613 4281 vindemiarum
2655 4224 2719 4279 et
2761 4220 3064 4281 messium

602 4347 715 4407 pro
771 4327 1053 4406 juridicis
1106 4328 1501 4406 computatis,
1546 4328 1736 4388 iidem
1793 4327 2009 4388 arbitri
2052 4327 2129 4387 de
2172 4346 2484 4387 consensu
2527 4325 2870 4386 eorundem
2913 4324 3064 4404 Epi·

604 4444 931 4504 scoporum
982 4426 1353 4504 legittimam
1404 4430 1786 4503 potestatem
1831 4424 2089 4496 citandi,
2136 4423 2524 4494 cohercendi,
2571 4430 2636 4482 et
2685 4424 2900 4483 omnia
2941 4424 3063 4483 alia

602 4522 873 4582 faciendi
960 4542 1081 4601 que
1160 4524 1485 4601 negocium
1560 4522 1994 4600 compromissi
2066 4521 2608 4602 qualitercumque
2687 4521 3062 4598 contingunt

603 4619 931 4692 habentes,
976 4626 1038 4679 et
1092 4621 1254 4680 sicut
1311 4619 1601 4698 expedire
1643 4619 1912 4679 viderint
1968 4625 2349 4689 exercentes,
2395 4618 2662 4678 eandem
2710 4624 3059 4678 controver-

603 4716 759 4777 siam
805 4717 1163 4776 examinare
1204 4716 1506 4794 incipiant
1548 4722 1997 4787 memoratam;
2057 4722 2120 4775 et
2170 4714 2336 4793 quod
2377 4724 2574 4775 testes
2622 4715 3062 4774 examinentur

600 4813 662 4873 in
717 4814 929 4890 lingua
976 4832 1161 4892 quam
1206 4813 1428 4873 melius
1480 4813 1786 4873 noverint.
1873 4812 1962 4872 Et
2003 4812 2231 4891 prefati
2277 4811 2533 4871 Domini
2578 4810 3058 4872 Herefordensis

602 4917 668 4971 et
732 4908 1101 4971 Assavensis
1170 4910 1465 4989 Episcopi
1536 4910 1847 4970 dictorum
1919 4913 2110 4971 trium
2181 4909 2580 4979 arbitrorum,
2653 4915 2764 4969 aut
2834 4910 3056 4969 saltem
