3459 5617
644 486 761 544 144
1305 482 1661 560 Reqistrum
1718 484 1938 544 Thome
1993 484 2066 543 de
2126 482 2456 563 Cantilupo

643 709 907 770 ecclesie
956 708 1035 769 de
1089 709 1302 781 Grete,
1354 709 1645 782 salutem,
1692 713 1813 769 etc.
1918 707 2291 769 Mandatum
2340 707 2596 769 Domini
2643 705 2831 786 Begis
2877 706 3113 785 recepi·

644 834 789 877 mus
845 816 910 875 in
966 815 1083 875 hec
1139 814 1813 887 verba,—Edwardu5,
1871 820 2017 886 etc.,
2068 813 2426 877 Venerabili
2477 813 2547 873 in
2602 812 2856 875 Christo
2911 811 3112 883 Patri,

648 921 911 992 Thome,
1001 919 1455 981 Herefordensi
1539 919 1878 999 Episcopo,
1968 920 2260 980 salutem.
2375 918 2600 979 Sciatis
2688 917 2880 999 quod,
2964 936 3116 979 cum

646 1026 971 1088 Walterus
1013 1026 1091 1087 de
1132 1026 1337 1087 Balon
1380 1026 1445 1085 in
1489 1025 1677 1087 Curia
1720 1033 1941 1086 nostra
1981 1044 2194 1086 coram
2247 1024 2288 1085 J
2291 1023 2628 1085 usticiariis
2671 1024 2904 1085 nostris
2944 1022 3116 1103 apud

653 1135 1290 1197 westmonasterium
1346 1134 1692 1196 arrainavit
1748 1134 2014 1196 assisam
2069 1135 2290 1195 ultime
2344 1132 2844 1213 presentacionis
2893 1151 3118 1194 versus

646 1241 959 1302 Abbatem
1016 1240 1094 1304 de
1151 1242 1324 1319 Lyra
1379 1242 1457 1303 de
1504 1240 1770 1302 ecclesia
1826 1240 1904 1303 de
1954 1239 2187 1319 Magna
2227 1239 2610 1319 Markeleya,
2654 1258 2777 1318 que
2816 1244 3000 1299 vacat
3043 1244 3120 1299 ut

648 1346 896 1418 dicitur,
941 1346 1107 1407 idem
1164 1346 1377 1408 Abbas
1433 1346 1603 1407 venit
1660 1347 1725 1406 in
1783 1346 2004 1407 eadem
2061 1345 2250 1407 Curia
2303 1351 2367 1405 et
2425 1344 2582 1404 dixit
2621 1343 2792 1424 quod
2831 1343 3120 1423 predicta

650 1452 917 1513 ecclesia
966 1470 1094 1512 non
1142 1457 1347 1523 vacat,
1392 1451 1586 1512 immo
1633 1453 1821 1529 plena
1871 1457 1966 1512 est
2022 1457 2086 1512 et
2129 1450 2421 1511 consulta
2461 1450 2540 1511 de
2578 1450 2721 1529 ipso
2762 1449 3008 1511 Abbate
3053 1453 3120 1510 et

648 1559 983 1620 Conventu
1027 1577 1185 1635 suo;
1243 1558 1351 1638 qui
1400 1577 1541 1618 eam
1590 1563 1812 1619 tenent
1860 1557 1926 1617 in
1965 1557 2250 1637 proprios
2291 1575 2444 1617 usus
2486 1562 2551 1616 et
2592 1554 2796 1617 multo
2837 1560 3122 1635 tempore

654 1668 979 1725 transacto
1037 1667 1395 1725 tenuerunt.
1501 1663 1589 1723 Et
1653 1662 1794 1723 ideo
1855 1663 2033 1725 vobis
2093 1662 2473 1723 mandamus
2528 1661 2697 1742 quod
2758 1660 3120 1722 certificetis

650 1770 693 1833 J
696 1771 1049 1831 usticiarios
1120 1776 1370 1830 nostros
1448 1769 1617 1849 apud
1686 1768 2324 1831 westmonasterium
2392 1766 2458 1827 in
2542 1767 2802 1829 Octabis
2887 1768 3122 1827 Sancte

656 1876 1001 1945 Trinitatis,
1066 1894 1179 1955 per
1238 1875 1482 1935 litteras
1543 1880 1790 1935 vestras
1851 1881 2166 1953 patentes,
2229 1876 2443 1933 utrum
2506 1872 2790 1951 predicta
2851 1870 3123 1932 ecclesia

655 1981 741 2042 sit
785 2000 1019 2044 vacans
1060 1981 1160 2042 vel
1209 2000 1334 2041 non
1357 1999 1372 2052 ;
1432 1985 1496 2040 et
1546 1980 1600 2041 si
1641 1999 1769 2041 non
1811 1979 1894 2039 sit
1934 1997 2191 2050 vacans,
2238 1978 2316 2038 de
2357 1996 2482 2058 quo
2524 1984 2588 2038 et
2633 1976 2712 2037 ad
2755 1976 2938 2055 cujus
2974 1996 3122 2056 pre·

650 2088 1079 2149 sentacionem
1134 2094 1198 2147 et
1256 2106 1293 2147 a
1348 2106 1472 2166 quo
1528 2091 1811 2165 tempore
1865 2086 2050 2165 plena
2089 2084 2299 2145 fuerit.
2408 2084 2496 2143 Et
2539 2082 2826 2144 habeatis
2867 2082 2954 2142 ibi
2994 2082 3122 2143 hoc

650 2194 859 2254 breve.
967 2193 1155 2254 Teste
1212 2191 1513 2275 B[ogero]
1576 2191 1653 2253 de
1719 2192 2025 2270 Seystone
2086 2190 2254 2269 apud
2315 2188 2968 2260 westmonasterium,
3031 2186 3119 2265 vij

650 2299 754 2359 die
821 2298 994 2370 Maii,
1060 2318 1227 2358 anno
1287 2297 1461 2375 regni
1522 2296 1722 2358 nostri
1793 2302 1992 2357 sexto.
2119 2295 2426 2371 Quocirca
2493 2293 2671 2354 vobis
2738 2293 3123 2354 mandamus

652 2405 973 2486 quatinus,
1044 2404 1284 2465 vocatis
1354 2402 1646 2463 omnibus
1714 2422 1979 2482 quorum
2061 2402 2346 2473 interest,
2417 2399 2779 2479 diligentem
2858 2398 3122 2479 inquisi-

652 2510 898 2571 cionem
954 2528 1144 2588 super
1197 2508 1479 2569 articulis
1536 2507 1870 2569 antedictis
1917 2508 1984 2567 in
2025 2507 2213 2586 pleno
2253 2506 2376 2565 loci
2417 2503 2806 2567 Consistorio
2851 2502 3120 2576 faciatis,

650 2621 716 2677 et
757 2615 923 2696 quod
964 2614 1328 2676 inveneritis
1370 2634 1483 2693 per
1522 2614 1787 2674 eandem
1830 2633 1940 2692 per
1981 2612 2259 2673 litteram
2295 2617 2592 2682 vestram,
2629 2611 2856 2671 harum
2892 2611 3124 2671 seriem

658 2722 1111 2791 continentem,
1156 2720 1273 2781 sub
1324 2720 1517 2799 signis
1559 2719 1790 2780 vestris
1843 2718 2147 2791 clausam,
2191 2716 2350 2777 citra
2404 2717 2570 2777 diem
2631 2717 2862 2778 Sancte
2917 2717 3122 2777 Trini-

650 2823 804 2885 tatis
861 2823 1041 2884 nobis
1101 2808 1350 2883 faciatis
1408 2830 1716 2882 constare.
1825 2814 2065 2882 Datum
2128 2820 2294 2900 apud
2357 2820 2728 2891 Bedefunte,
2795 2819 2896 2899 viij
2963 2819 3124 2880 Idus

654 2930 831 3002 Maii,
876 2948 1045 2989 anno
1086 2928 1601 2991 Consecracionis
1642 2934 1858 2989 nostre
1901 2926 2112 2987 tercio.

651 3201 867 3261 Letter
923 3208 981 3261 to
1027 3200 1124 3260 the
1182 3200 1365 3259 Prior
1417 3198 1543 3257 and
1600 3199 1864 3257 Convent
1919 3196 1989 3272 of
2045 3196 2426 3271 Wormeslcy,
2459 3195 2778 3274 following]
2819 3214 2862 3253 a
2903 3194 3121 3254 visita-

901 3283 1046 3351 tion,
1090 3280 1160 3340 in
1214 3279 1415 3339 which
1472 3279 1568 3337 the
1620 3278 1854 3356 Bishop
1897 3278 2119 3346 directe
2166 3276 2300 3337 that
2341 3296 2418 3336 no
2459 3296 2620 3336 more
2668 3277 2910 3335 Can-ons
2953 3275 3126 3335 shall

900 3361 965 3422 be
1029 3361 1328 3421 admitted
1388 3359 1647 3419 without
1707 3358 1802 3419 his
1861 3364 2124 3427 consent,
2175 3376 2245 3417 as
2307 3357 2405 3417 the
2469 3358 2647 3417 house
2705 3355 2760 3416 ic
2815 3356 3000 3415 much
3055 3358 3122 3415 in

900 3442 1083 3513 debt;
1155 3442 1287 3502 that
1343 3441 1507 3500 rules
1558 3441 1627 3517 os
1660 3440 1880 3500 silence
1921 3438 2085 3499 shall
2129 3438 2194 3498 be
2240 3437 2430 3497 better
2469 3438 2797 3507 observed;
2864 3438 3003 3496 that
3044 3458 3124 3497 no

900 3543 1129 3584 women
1168 3530 1307 3597 stay
1349 3529 1417 3580 at
1460 3522 1630 3597 niqht
1671 3520 1892 3579 within
1949 3520 2046 3578 the
2101 3519 2296 3579 walls.
2406 3523 2501 3578 He
2566 3518 2698 3578 bids
2765 3484 2926 3577 t'hem
2980 3538 3114 3579 con·

899 3606 1063 3665 sider
1115 3603 1180 3679 is
1220 3604 1273 3662 it
1328 3602 1459 3661 will
1511 3610 1617 3661 ‘not
1662 3601 1727 3659 be
1773 3601 1962 3659 better
2005 3608 2063 3659 to
2103 3599 2292 3659 recall
2332 3599 2484 3659 such
2524 3600 2594 3675 os
2631 3598 2790 3658 their
2825 3599 3122 3659 memberis

896 3706 967 3747 as
1007 3704 1113 3745 are
1153 3703 1330 3760 away
1371 3683 1441 3743 in
1479 3682 1841 3742 attendance
1881 3701 1959 3741 on
1999 3681 2235 3741 certain
2275 3687 2606 3755 maynates.

822 3839 1662 3911 Wwwmea—Thomae,
1707 3844 1850 3910 etc.,
1909 3838 2110 3898 Priori
2169 3844 2232 3899 et
2290 3838 2642 3899 Conventui
2699 3838 2778 3898 de
2835 3838 3124 3899 Worme·

652 3952 793 4030 leye
863 3949 1155 4017 salutem,
1226 3952 1345 4007 etc.
1426 3946 1524 4006 De
1594 3944 1882 4004 ordinata
1948 3943 2360 4004 immakulate
2425 3941 2849 4021 religiositatis
2918 3942 3127 4004 forma

660 4056 1047 4135 caritateque
1088 4072 1215 4111 non
1257 4050 1426 4122 ficta,
1468 4056 1533 4110 et
1592 4049 1873 4110 omnium
1914 4048 2180 4109 fratrum
2236 4052 2585 4109 vestrorum
2629 4048 2897 4121 unitate,
2947 4049 3126 4128 apud

658 4181 773 4224 vos
816 4180 1015 4240 nuper
1055 4156 1349 4227 inventis,
1392 4164 1601 4235 grates
1643 4154 1970 4216 Altissimo
2011 4155 2256 4233 agimus
2297 4158 2361 4214 et
2401 4153 2728 4214 referimus
2763 4153 3122 4231 speciales;

659 4266 1021 4347 paupertati
1070 4263 1270 4325 eciam
1327 4269 1532 4322 vest-re
1588 4268 1653 4321 et
1711 4260 1978 4321 exilitati
2033 4260 2338 4321 bonorum
2393 4259 2474 4320 ad
2525 4259 2782 4320 domum
2841 4269 3124 4320 vestram

662 4372 1116 4454 spectancium,
1162 4377 1234 4430 ut
1280 4368 1630 4439 didicimuS,
1681 4367 1802 4446 piis
1844 4372 1908 4427 et
1953 4368 2236 4447 paternis
2284 4365 2645 4438 visceribUS,
2697 4366 2870 4426 novit
2920 4366 3121 4438 Deus,

671 4478 1107 4560 compatimur,
1158 4480 1221 4535 et
1275 4474 1616 4535 remedium
1662 4472 1849 4552 quale
1902 4490 2237 4551 possumus
2279 4470 2342 4530 in
2400 4469 2539 4542 hoc,
2597 4480 2662 4530 et
2705 4470 2771 4530 in
2812 4470 2949 4531 aliis
2993 4490 3122 4551 que

653 4607 768 4668 per
808 4584 1242 4648 visitacionem
1284 4580 1483 4659 ipsam
1535 4586 1752 4639 nostra
1793 4579 2182 4639 correccione
2221 4577 2410 4656 digna
2449 4595 2588 4637 esse
2629 4576 2996 4655 reperimuS,
3041 4596 3124 4638 ex

657 4692 845 4755 officii
892 4687 1093 4750 nostri
1140 4686 1352 4747 debito
1399 4683 1789 4746 decrevimus
1833 4683 2298 4754 adhibendum;
2342 4688 2596 4762 propter
2636 4682 2803 4763 quod
2845 4682 3122 4761 quedam

656 4798 835 4863 vobis
876 4803 939 4858 et
984 4793 1198 4855 domui
1240 4796 1468 4862 vestre,
1507 4797 1578 4852 ut
1626 4789 1958 4861 credimus,
2002 4787 2357 4849 necessaria
2396 4786 2792 4867 presentibus
2836 4786 3124 4847 seriatim

661 4902 1107 4983 significamus,
1178 4917 1298 4977 que
1340 4895 1458 4956 sub
1498 4915 1662 4975 pena
1702 4893 2002 4955 canonice
2050 4894 2466 4954 districcionis
2505 4892 2769 4953 firmiter
2810 4892 3126 4953 studeatis
