3459 5617
543 486 623 546 60
1189 486 1544 564 Reqistrum
1601 487 1821 547 Thome
1876 488 1949 548 de
2022 488 2353 567 Cantilupo

539 708 823 769 Countez
841 708 1180 783 prendi-ent
1205 720 1400 769 taunz
1423 716 1484 770 et
1505 718 1647 771 teus
1668 711 1733 769 ki
1762 730 1842 771 ne
1872 720 2093 791 seyent
2124 717 2378 791 suspect
2408 733 2445 773 a.
2473 714 2621 773 nule
2651 713 2727 775 de
2755 714 3001 792 parties

539 833 572 873 e
599 814 833 892 parles
862 834 1060 894 quens
1088 815 1149 874 la.
1189 815 1383 876 verite
1424 835 1578 895 puse
1619 836 1808 877 meux
1852 822 2020 877 estre
2061 836 2193 889 sue,
2239 836 2277 877 a
2320 837 2502 878 sever
2544 818 2600 878 si
2643 838 2713 877 ce
2756 833 2897 897 seyt
2940 819 3015 879 la.

537 918 836 981 freunche
867 920 1075 981 Obsce
1105 921 1161 979 le
1193 920 1438 981 Eveske
1468 921 1665 982 sicum
1697 922 1743 981 il
1769 922 1916 994 dist,
1949 941 2031 983 ou
2069 922 2133 982 ki
2167 923 2225 983 le
2270 924 2515 983 Counte
2556 924 2577 983 i
2621 923 2771 1002 deyt
2813 942 3011 985 coure

538 1046 576 1086 a
606 1044 679 1087 se
710 1028 976 1097 volente,
1022 1028 1222 1087 sicum
1263 1027 1310 1087 il
1349 1027 1496 1087 dist.
1583 1027 1669 1087 Et
1710 1036 1916 1089 ceetes
1957 1028 2234 1089 Justices
2278 1036 2495 1089 serunt
2538 1048 2610 1090 as
2653 1037 2875 1091 uta-ves
2920 1029 3005 1090 de

538 1134 602 1194 le
629 1133 1032 1194 Chaundelur
1060 1154 1137 1194 en
1167 1133 1332 1194 celes
1361 1135 1594 1211 parties
1634 1154 1754 1214 pur
1796 1136 1860 1196 la
1901 1136 2093 1196 verite
2135 1134 2214 1195 de
2255 1142 2423 1197 ceste
2466 1135 2661 1195 choze
2704 1154 3007 1215 enqnere.

540 1239 617 1311 E,
671 1239 725 1299 si
774 1259 852 1299 ne
901 1238 962 1299 le
1010 1247 1200 1317 poent
1241 1240 1540 1301 terminer
1588 1240 1773 1319 deing
1824 1240 1888 1302 le
1933 1240 2135 1301 Paske
2178 1240 2448 1302 siweunt
2492 1242 2549 1301 le
2592 1242 2764 1319 Reys
2807 1243 2865 1301 le
2908 1241 3017 1303 fre.

537 1347 836 1407 terminer
883 1366 998 1425 par
1049 1366 1162 1407 eus
1210 1365 1292 1406 ou
1340 1366 1455 1425 per
1504 1354 1737 1408 autres.
1852 1347 1939 1407 Et
1982 1354 2133 1408 sunt
2175 1348 2266 1409 les
2307 1347 2346 1408 J
2352 1347 2587 1409 ustices
2629 1368 2668 1409 a
2710 1368 2781 1408 ce
2822 1348 3011 1409 eslux

535 1452 657 1513 sire
687 1452 854 1512 Rauf
879 1452 958 1513 de
989 1452 1327 1531 Henghatn
1358 1472 1391 1513 e
1421 1453 1543 1513 sire
1573 1452 1794 1514 Water
1821 1453 1899 1513 de
1931 1453 2209 1532 Helynn.

535 1746 680 1806 Jan.
728 1745 1255 1817 6,1278.-Wr2‘t
1298 1752 1356 1805 to
1400 1745 1498 1805 the
1541 1744 1779 1823 Sheriff
1804 1745 1874 1823 of
1908 1743 2376 1823 Herefordshire
2416 1743 2720 1822 directinq
2765 1744 2895 1805 him
2942 1752 3006 1805 to

775 1846 1004 1886 remove
1049 1826 1146 1885 the
1191 1826 1400 1885 Earl's
1437 1827 1726 1904 foresters
1764 1826 1933 1904 from
1983 1824 2080 1885 the
2132 1825 2344 1895 Cha-se,
2394 1832 2451 1884 to
2496 1825 2574 1884 let
2620 1826 2717 1885 the
2759 1825 3007 1904 Bishop

779 1907 927 1967 have
973 1906 1166 1965 seism
1212 1906 1338 1965 and
1389 1906 1542 1966 hunt
1592 1906 1754 1966 there
1798 1926 1955 1976 once,
2000 1906 2126 1965 and
2170 1906 2312 1965 then
2356 1913 2413 1965 to
2464 1905 2600 1965 take
2648 1926 3009 1985 possesszon

780 1988 1029 2066 himself
1060 1987 1242 2047 while
1285 1987 1382 2047 the
1423 1987 1664 2065 inquest
1704 1988 1760 2047 is
1806 1986 1978 2065 being]
2026 1987 2180 2047 held.

698 2144 830 2204 Rex
899 2142 1266 2203 Vicecomiti
1339 2142 1708 2203 Herefordie
1779 2143 2068 2204 salutem.
2198 2144 2587 2222 Precipimus
2645 2143 2759 2203 tibi
2828 2143 3013 2222 quod

535 2249 888 2311 Venerabili
945 2250 1122 2309 Patri
1179 2249 1438 2321 Thome,
1500 2249 1816 2329 Episcopo
1884 2248 2355 2322 Herefordensi‚
2415 2249 2609 2310 facias
2672 2249 3007 2325 seysinam

533 2355 765 2416 Chacie
811 2356 888 2415 de
935 2355 1264 2417 Golewelle
1313 2364 1377 2415 et
1419 2355 1779 2425 Estinoure‚
1824 2375 2012 2434 quam
2055 2355 2223 2416 idem
2274 2355 2628 2433 Episcopus
2676 2354 3009 2415 clamabat

531 2463 595 2521 in
639 2462 829 2523 Curia
870 2468 1086 2522 nostre
1124 2481 1336 2522 coram
1380 2460 1558 2521 nobis
1602 2480 1817 2521 versus
1860 2462 2277 2539 G[ilbertum]
2323 2461 2401 2521 de
2441 2460 2641 2532 Clare,
2675 2460 3001 2521 Comitem

530 2568 924 2630 Gloucestrie
978 2573 1041 2627 et
1099 2566 1477 2639 Hertfordie,
1529 2567 1594 2626 in
1650 2586 1778 2646 qua
1832 2566 1998 2626 idem
2057 2567 2430 2645 EpiscopuS,
2481 2585 2594 2645 per
2649 2575 2713 2625 te
2770 2566 3017 2627 amotis

528 2673 876 2735 forestariis
902 2672 1186 2751 ejusdem
1217 2672 1480 2734 Comitis
1509 2672 1586 2733 de
1629 2672 1847 2733 eedem
1892 2672 2147 2745 Ghecia,
2180 2677 2412 2733 extunc
2442 2672 2635 2733 semel
2668 2676 2892 2743 curret,
2928 2678 3006 2731 et

529 2779 753 2841 deinde
796 2798 1042 2839 currere
1083 2778 1240 2838 illud
1279 2798 1391 2857 per
1433 2786 1496 2838 te
1539 2779 1827 2858 capia-tur
1867 2778 1933 2838 in
1976 2798 2234 2838 menum
2265 2790 2565 2851 nostram,
2597 2784 2659 2838 et
2690 2797 2800 2856 per
2830 2790 2891 2837 te
2924 2783 3003 2838 et

529 2886 822 2947 custodes
843 2885 1139 2964 Episcopi
1161 2885 1336 2947 salvo
1357 2884 1779 2955 custodiatur;
1812 2892 1875 2945 et
1904 2885 2129 2945 deinde
2149 2884 2259 2945 fiat
2282 2904 2468 2964 super
2490 2885 2610 2945 hoc
2632 2883 2999 2965 inquisicio,

528 2992 873 3052 secundum
902 2989 1166 3050 formam
1211 2990 1429 3051 cedule
1471 2991 1867 3069 presentibus
1894 2992 2154 3063 incluse,
2192 3010 2403 3051 coram
2438 2990 2726 3051 fidelibus
2756 2990 3004 3050 nostris

528 3096 782 3167 ibidem,
821 3097 886 3155 in
929 3095 1099 3156 brevi
1141 3114 1252 3174 per
1294 3115 1410 3156 nos
1452 3096 1961 3156 transmittendo,
2047 3096 2235 3156 Teste
2278 3095 2516 3174 meipso
2546 3096 2713 3174 apud
2742 3096 3005 3156 Turrim

531 3201 1025 3271 Londoniarum,
1069 3200 1131 3278 vj
1176 3200 1277 3260 die
1317 3201 1350 3261 ,1
1363 3200 1622 3272 aunarii,
1670 3220 1839 3260 anno
1880 3202 2053 3279 regni
2096 3202 2296 3261 nostri
2339 3210 2536 3261 sexto,

532 3504 1223 3566 Jan.12.—Mamlate
1294 3513 1351 3566 to
1421 3506 1518 3566 the
1588 3506 1855 3567 ‹stas-tices
1928 3514 1985 3567 to
2056 3508 2198 3567 hold
2266 3528 2351 3569 an
2418 3508 2659 3587 inque-st
2730 3508 2881 3567 zvz'th
2956 3530 3009 3569 a

771 3586 975 3647 mimd
1039 3587 1198 3663 Jury
1254 3587 1324 3665 of
1378 3587 1847 3665 Heresordshire
1902 3588 2027 3647 and
2090 3588 2581 3649 Worcestershire
2637 3610 2706 3649 as
2772 3596 2827 3649 to
2893 3590 3005 3651 the

775 3668 991 3728 claime
1034 3667 1106 3726 in
1145 3666 1406 3745 disputa.

695 3822 1067 3894 Edwardus,
1115 3822 1234 3883 Dei
1273 3822 1502 3901 grecie,
1549 3830 1690 3895 etc„
1744 3823 1989 3884 dilectis
2046 3830 2110 3884 et
2166 3824 2453 3885 fidelibus
2518 3826 2671 3897 anie,
2724 3824 3007 3886 Radulfo

527 3929 608 3990 de
651 3928 986 4007 Hengham
1032 3935 1095 3988 et
1128 3928 1409 3989 Waltero
1439 3928 1516 3988 de
1561 3929 1839 4007 Helyun,
1885 3930 2177 3991 salutem.
2268 3932 2495 3991 Sciatis
2543 3931 2706 4010 quod
2750 3934 2997 4010 assign-

528 4034 774 4095 avimus
830 4053 940 4096 voe
997 4033 1079 4093 ed
1135 4035 1454 4113 quandem
1509 4034 2007 4115 inquisicionem.
2058 4035 2123 4095 in
2172 4055 2298 4116 que
2348 4036 2739 4097 Venerabilis
2798 4038 2996 4097 Pater

527 4138 822 4210 Thomas,
857 4138 1336 4199 Herefordensis
1365 4138 1740 4218 Episcopu8,
1772 4148 1835 4200 et
1865 4140 2134 4201 dilectus
2162 4140 2365 4202 fidelis
2408 4150 2623 4201 noeter
2666 4141 2995 4205 Gilbertus

526 4244 603 4304 de
647 4244 845 4315 Clare,
879 4244 1104 4305 Comes
1147 4244 1536 4305 Gloucestrie
1579 4251 1641 4305 et
1685 4244 2067 4315 Hertfordie,
2104 4246 2168 4304 in
2206 4246 2534 4324 presencia.
2580 4252 2802 4306 nostra.
2841 4265 2995 4306 con-

527 4349 753 4419 stituti,
813 4368 879 4408 se
933 4354 1277 4426 posuerunt
1346 4368 1556 4409 coram
1624 4349 1805 4410 nobis
1862 4370 2048 4429 super
2112 4350 2348 4412 Chacie
2405 4351 2482 4411 de
2539 4351 2868 4413 Colewelle
2925 4364 2997 4413 et

525 4454 852 4524 Estenore‚
886 4453 1236 4514 faciendam
1266 4455 1332 4514 in
1361 4454 1563 4515 forma
1591 4475 1700 4534 per
1736 4475 1849 4515 noe
1880 4455 2056 4516 vobis
2096 4455 2243 4516 inde
2293 4456 2530 4517 tradita
2574 4464 2641 4517 et
2682 4457 2995 4534 injuncta.

524 4558 612 4618 Et
642 4558 780 4617 ideo
802 4557 976 4617 vobis
1006 4558 1384 4619 mandemus
1412 4559 1579 4640 quod
1607 4580 1716 4639 per
1740 4568 2202 4621 sacramentum
2234 4562 2566 4639 proborum
2602 4566 2665 4623 et
2694 4562 2993 4642 legalium

525 4664 850 4724 hominum
880 4662 957 4722 de
988 4661 1406 4723 Comitatibus
1439 4664 1805 4726 Herefordie
1834 4672 1897 4726 et
1921 4667 2275 4745 Wygornie,
2307 4687 2419 4745 per
2446 4687 2605 4748 quos
2636 4669 2725 4729 rei
2756 4670 2995 4731 veritas

522 4768 746 4829 melius
789 4768 933 4828 sciri
975 4768 1226 4845 poterit,
1271 4776 1335 4828 et
1377 4769 1485 4849 qui
1526 4772 1735 4831 neutri
1776 4772 1942 4850 parti
1985 4772 2111 4831 sint
2160 4772 2458 4851 suspecti,
2506 4772 2991 4851 inquisicionem

519 4876 694 4935 illam
762 4875 1026 4954 capietis
1081 4875 1264 4954 juxta
1323 4884 1602 4937 tenorem
1671 4877 1869 4939 forme
1940 4880 2318 4958 supradicte,
2383 4883 2447 4940 et
2508 4880 2771 4941 ulterius
2840 4881 2995 4944 inde
