3459 5617
293 3768 389 3809 Fol.
424 3768 488 3809 lb.

589 480 627 539 2
1249 482 1605 561 Reqistrum
1662 483 1883 545 Thomc
1938 484 2012 545 dc
2070 483 2404 563 Cantilupo

584 703 772 764 clesie
829 711 1040 765 nostre
1095 704 1579 768 Herefordensis
1637 708 1716 767 ad
1782 726 1962 768 suam
2033 708 2463 778 collacionem‚
2536 707 2684 769 sede
2754 716 3047 778 vacante,

585 822 890 889 spectare,
936 813 1202 871 eandem
1252 812 1505 872 domino
1556 814 1835 873 Henrico
1883 814 2012 873 filio
2070 814 2309 883 Gar-ini,
2364 813 2510 874 sede
2567 819 2851 885 vacante,
2899 832 3053 873 con·

583 917 835 989 tulerit;
895 938 1010 977 nos
1067 918 1347 978 volentes
1403 919 1595 996 Regie
1650 919 1939 997 dignitati
1998 918 2237 978 deferre
2293 925 2357 978 et
2417 918 2824 979 attendentes
2883 918 3061 998 quod

582 1022 759 1083 vobis
797 1030 907 1083 aut
945 1024 1125 1083 nobis
1161 1042 1274 1083 seu
1313 1024 1596 1085 Ecclesie
1633 1034 1851 1085 nostre
1892 1025 2163 1085 multum
2205 1024 2272 1085 in
2315 1025 2434 1085 hoc
2478 1024 2576 1085 vel
2616 1024 2683 1084 in
2726 1024 2865 1085 aliis
2916 1026 3053 1086 vult

583 1149 694 1208 per
741 1150 884 1190 eum
932 1130 1345 1208 prejudicium
1395 1130 1698 1209 generari,
1759 1130 2173 1211 equanimiter
2230 1131 2573 1191 toleramus
2621 1136 2685 1191 et
2735 1139 3045 1210 tanquam

583 1236 777 1296 frater
805 1244 1010 1297 vester
1038 1246 1101 1296 et
1129 1238 1590 1297 concanonicus
1621 1238 2007 1297 consulimus
2042 1244 2105 1296 et
2141 1256 2433 1315 rogamus
2468 1236 2767 1316 quatinus
2801 1236 3050 1298 dictum

585 1342 932 1403 Henricum
981 1354 1050 1403 ut
1100 1351 1328 1403 extunc
1375 1344 1456 1404 ad
1512 1342 1785 1404 officium
1836 1343 2279 1405 Penitenciarii
2329 1342 2679 1403 admittatis
2727 1343 2789 1402 in
2840 1343 3053 1403 forma

580 1469 706 1529 qua
753 1450 1060 1528 prefectos
1109 1470 1219 1528 per
1269 1451 1616 1529 Episcopos
1674 1451 2169 1511 Herefordenses
2226 1470 2338 1529 pro
2394 1459 2675 1529 tempore
2732 1450 2813 1511 ad
2873 1450 3045 1511 idem

580 1557 852 1617 officium
896 1557 1223 1617 admittere
1267 1556 1586 1618 solebatis.
1683 1558 1962 1618 Valeatis
2004 1558 2069 1617 in
2114 1557 2388 1617 Domino
2430 1556 2701 1617 Christo.
2808 1558 3052 1618 Datum

581 1663 748 1742 apud
797 1662 1200 1741 Wyndesore,
1245 1662 1373 1741 xvij
1421 1663 1744 1724 Kalendas
1790 1664 2073 1743 Augusti,
2120 1682 2289 1723 anno
2331 1663 2636 1741 predicto.

577 1890 730 1967 Juzy
789 1891 1098 1950 18.—The
1157 1890 1332 1951 Elect
1390 1891 1657 1970 deplores
1718 1892 1815 1951 the
1869 1893 2153 1953 scandals
2210 1892 2337 1952 and
2388 1893 2769 1954 animos-ilias
2820 1894 3049 1955 caused

823 1972 896 2048 by
941 1972 1038 2062 tlte
1082 1978 1194 2031 two
1235 1972 1400 2031 rival
1440 1972 1768 2033 claimant-s·
1815 1980 1871 2033 to
1917 1974 2013 2033 the
2055 1975 2354 2051 Deancry,
2399 1974 2547 2034 each
2588 1976 2658 2053 os
2692 1975 2887 2035 whom
2930 1976 3044 2036 has

821 2053 1230 2193 ᾖῖῗῗηῖἰΐηα
1272 2053 1595 2194 ῗιιῖῗάεῗιῖἱ
1615 2054 2587 2211 ,ηῗῃόεὲἕιιὴὲαῗέαέῗᾭῖὲοῖῗῗθ
2614 2056 2707 2197 {0²⁸
2741 2055 3053 2215 3335&ssssss

821 2233 1139 2273 measures.

745 2356 1558 2435 Hssssronns.—Capitulo
1603 2355 2051 2417 Herefordensi
2096 2357 2385 2417 salutem.
2490 2357 2733 2432 Quanti
2780 2358 3049 2431 dolores,

577 2470 732 2543 quot
781 2462 1083 2541 angustie,
1135 2482 1256 2542 que
1304 2469 1623 2521 tormenta
1673 2468 1891 2521 nostra
1940 2462 2234 2521 interiora
2278 2462 2653 2523 conturbent
2698 2482 2812 2522 nec
2864 2464 3044 2525 vobis

579 2570 790 2649 lingua
845 2570 1148 2630 disserere
1205 2589 1318 2629 nec
1374 2588 1485 2648 per
1547 2568 1920 2647 scripturam
1980 2588 2316 2647 possumus
2386 2569 2744 2648 explanare.
2872 2572 3047 2632 Ecce

578 2677 768 2747 enim,
819 2676 968 2735 dum
1018 2675 1082 2734 in
1129 2694 1281 2754 pace
1327 2674 1707 2734 credidimus
1753 2674 2018 2735 existere
2070 2674 2277 2734 locum
2321 2682 2627 2747 nostrum,
2674 2676 2815 2739 lites
2859 2676 3047 2738 nobis

577 2801 885 2855 enormeS,
958 2780 1256 2841 scandala
1324 2780 1613 2859 plurima,
1685 2786 1749 2840 et
1819 2780 2264 2839 contenciones
2340 2780 2676 2842 multifarie
2749 2788 2898 2841 sunt
2973 2782 3044 2841 in

576 2894 891 2967 promptu.
979 2887 1067 2946 Et
1110 2907 1148 2947 a
1189 2886 1415 2968 quibus
1459 2886 1707 2947 deceret
1751 2886 1817 2946 in
1856 2886 2110 2946 civitate
2148 2886 2389 2946 fontem
2426 2887 2677 2965 justicie
2718 2888 3046 2960 scaturire,

576 3010 654 3053 ex
702 2994 846 3063 illis,
899 3000 968 3052 ut
1011 2992 1258 3064 dicitur,
1309 2992 1642 3069 insurgunt
1684 2992 1889 3071 jurgia
1930 2998 1993 3052 et
2038 2992 2319 3052 nascitur
2360 2994 2606 3053 occasio
2648 2993 3055 3055 delictoruml

579 3100 754 3161 Sicut
792 3099 962 3160 enim
1001 3098 1180 3159 nobis
1219 3118 1417 3177 nuper
1454 3098 1625 3159 fideli
1659 3100 1793 3169 fuit,
1832 3106 1902 3159 ut
1938 3099 2269 3170 credimus,
2309 3101 2618 3161 relacione
2655 3115 3046 3180 suggestum,

575 3205 692 3266 sub
733 3204 1186 3265 venerabilibus
1224 3204 1521 3264 fratribus
1561 3204 1684 3263 illis
1717 3203 1963 3264 duobus
2002 3205 2107 3284 qui
2146 3204 2435 3264 videlicet
2476 3224 2665 3283 super
2706 3206 3043 3268 Decanatu

573 3310 983 3383 contendunt,
1043 3310 1323 3370 membra
1379 3309 1654 3370 civitatis
1712 3317 1924 3369 nostre
1984 3318 2205 3371 nutare
2261 3318 2623 3381 cernuntur,
2682 3310 2834 3371 dum
2890 3312 3043 3371 duo¹

575 3416 786 3495 capita
841 3435 908 3475 se
965 3414 1193 3475 habere
1251 3414 1666 3493 conspiciunt,
1733 3416 1840 3493 qui
1906 3414 2093 3475 ambo
2153 3422 2401 3476 nostros
2456 3416 2743 3477 subditos
2792 3436 3040 3477 excom-

575 3522 898 3583 municant
936 3530 1001 3581 et
1039 3520 1450 3599 suspendunt,
1495 3520 1688 3580 immo
1727 3522 1945 3599 pocius
1988 3522 2158 3580 omni
2200 3540 2327 3601 qua
2367 3533 2633 3600 possunt
2675 3523 3047 3584 confusione

573 3632 986 3702 confundunt,
1045 3639 1108 3692 et
1164 3644 1426 3711 uterque
1483 3650 1696 3691 eorum
1750 3629 1865 3691 sibi
1918 3631 2082 3699 fecit,
2137 3638 2357 3690 contra
2409 3632 2703 3712 antiquas
2752 3630 3045 3693 Ecclesie

573 3739 1079 3808 consuetudines,
1139 3736 1610 3800 subdecanum?
1713 3738 1812 3797 Ex
1870 3736 2095 3817 quibus
2151 3737 2353 3797 timeri
2414 3746 2679 3815 possunt
2735 3737 3036 3816 perjuria,

573 3844 928 3903 animarum
970 3843 1264 3921 pericula,
1311 3849 1372 3902 et
1414 3842 1644 3920 poterit
1687 3861 1983 3902 successu
2021 3842 2322 3919 temporis
2358 3840 2517 3902 fides
2560 3843 2922 3920 periclitari,
2970 3853 3039 3903 et

572 3949 822 4009 dabitur
857 3967 1101 4027 semper
1135 3946 1334 4025 major
1368 3967 1441 4007 ac
1478 3946 1679 4025 major
1717 3946 2009 4025 malignis
2048 3948 2316 4007 materia
2355 3947 2779 4028 delinquendi.
2866 3947 3039 4023 Quo·

566 4056 736 4116 circa
773 4053 1232 4113 fraternitatem
1273 4062 1546 4112 vestram
1587 4060 1828 4112 attente
1872 4052 2245 4132 requirimus
2293 4060 2357 4111 et
2398 4071 2693 4131 rogamus
2734 4054 3039 4132 quatinus

569 4160 884 4239 predictos
913 4158 1070 4218 duos
1105 4158 1317 4217 taliter
1350 4156 1806 4217 contendentes
1841 4168 1903 4217 et
1939 4162 2373 4235 procuratores
2406 4156 2686 4235 ipsorum.
2724 4160 2855 4217 vice
2890 4176 3037 4219 nos·

569 4272 668 4326 tra
709 4263 1020 4324 moneatis
1062 4268 1124 4323 et
1165 4263 1498 4323 efficaciter
1539 4262 1856 4322 inducatis
1900 4270 1967 4322 ut
2012 4282 2189 4322 arma
2240 4282 2365 4322 non
2406 4270 2723 4334 moveant,
2770 4282 2885 4323 nec
2924 4283 3047 4343 per

567 4389 716 4431 suos
759 4369 992 4429 moveri
1033 4369 1421 4447 permittant,
1471 4387 1584 4427 nec
1627 4388 1847 4447 pacem
1892 4368 2175 4428 Ecclesie
2233 4368 2360 4427 ullo
2408 4368 2597 4427 modo
2646 4370 3038 4447 perturbent,

568 4477 665 4536 vel
711 4474 944 4555 aliquid
988 4474 1222 4534 faciant
1267 4494 1378 4553 per
1421 4473 1588 4553 quod
1632 4474 1979 4552 periculum
2024 4493 2353 4551 corporum
2407 4482 2517 4534 aut
2558 4475 2755 4535 eciam
2800 4476 3042 4537 anima-

565 4602 704 4642 rum
769 4582 977 4642 valeat
1040 4581 1319 4652 iminere,
1385 4592 1482 4641 set
1547 4582 1622 4641 de
1685 4582 1946 4641 consilio
2009 4580 2358 4640 amicorum
2426 4581 2699 4660 aliquam
2770 4582 3041 4644 formam

714 4710 880 4750 l—The
906 4714 1002 4751 two
1029 4708 1146 4750 rival
1174 4709 1429 4750 claimants
1455 4721 1578 4751 were
1604 4710 1728 4749 John
1757 4708 1813 4749 de
1840 4708 2145 4756 Aquablanca
2172 4708 2265 4749 and
2284 4708 2411 4750 Giles
2430 4708 2487 4749 de
2504 4710 2781 4757 Avenbury;
2808 4722 2855 4751 v.
2888 4712 3041 4752 Intro—

560 4761 858 4850 ducnoik-No
887 4808 1106 4851 Subdean
1135 4808 1176 4847 is
1212 4808 1481 4853 recognized
1519 4808 1564 4848 in
1599 4810 1683 4848 the
1716 4808 2041 4849 constitution
2068 4806 2118 4847 of
2152 4810 2236 4849 the
2270 4808 2493 4855 Chapter.
2522 4808 2607 4849 but
2636 4810 2717 4850 the
2741 4808 2955 4856 delegate
2980 4808 3033 4851 Of

555 4861 640 4901 the
669 4860 800 4901 Dean
828 4860 874 4898 in
903 4860 976 4899 his
1003 4860 1120 4899 local
1146 4858 1460 4905 jur-indiction.
1488 4860 1668 4904 though
1696 4862 1779 4899 not
1806 4870 1836 4899 a
1863 4859 2073 4898 member
2088 4856 2139 4899 of
2160 4860 2245 4899 the
2270 4858 2493 4904 chapter.
2512 4870 2615 4899 was
2632 4860 2787 4905 styled
2810 4860 3033 4902 Subdean

559 4912 606 4951 in
633 4910 823 4951 ancient
857 4910 1153 4949 documents.
