3459 5617
53 976 106 1017 cl.

1143 493 1446 575 Episcopi
1499 494 1572 553 H
1567 493 1981 574 ereforden-sis.
2714 495 2793 558 87

331 719 798 780 ordinacionem
846 738 1035 799 super
1092 739 1166 780 ea
1220 720 1571 780 faciendam
1630 720 1909 799 equitate
1964 724 2234 798 pensata
2280 718 2676 798 procedimus
2729 718 2795 779 in

331 824 456 885 hac
509 831 708 904 parte.

496 956 574 1016 In
643 958 896 1019 nomine
967 957 1194 1018 Sancte
1263 962 1327 1017 et
1397 956 1728 1017 Individue
1805 956 2149 1017 Trinitatis.
2264 956 2418 1028 Nos,
2492 955 2790 1028 ThomaS,

330 1062 741 1123 miseracione
803 1063 1012 1124 divina
1075 1062 1428 1142 Episcopus
1491 1062 1994 1133 HerefordensiS,
2056 1063 2120 1122 in
2184 1081 2378 1123 causa
2436 1080 2549 1122 seu
2610 1081 2794 1142 ques-

329 1167 523 1240 tione,
568 1174 688 1228 etc.
777 1212 792 1229 .
879 1214 894 1229 .
980 1173 1052 1228 ut
1094 1186 1302 1246 supra,
1348 1167 1634 1239 dicimuS,
1685 1166 2072 1239 ordinamus,
2116 1172 2182 1227 et
2236 1166 2577 1228 diffinimus
2632 1170 2799 1228 inter

325 1282 544 1352 partes
584 1272 899 1351 predictas
940 1272 1108 1353 quod
1145 1272 1350 1333 dictus
1395 1271 1787 1332 Humbertus
1822 1290 2011 1351 super
2046 1272 2326 1352 predicta
2364 1272 2681 1351 prebenda
2713 1271 2794 1333 de

329 1378 704 1457 Ynteberge,
749 1397 892 1438 cum
935 1378 1226 1438 omnibus
1275 1378 1404 1438 suis
1453 1378 1872 1455 pertinenciis,
1918 1376 2103 1437 cedat
2158 1378 2410 1457 penitus
2465 1380 2638 1437 omni
2687 1378 2787 1439 liti

329 1488 396 1545 et
453 1484 692 1543 accioni
747 1484 864 1545 sibi
921 1503 1108 1562 super
1162 1504 1238 1545 ea
1285 1484 1750 1562 quomodolibet
1791 1484 2192 1561 competenti,
2238 1490 2302 1543 et
2344 1484 2565 1545 reddat
2611 1485 2793 1545 nobis

331 1608 481 1649 suas
536 1589 781 1649 litteras
836 1588 1214 1668 apostolicas
1271 1608 1426 1667 quas
1471 1588 1659 1649 habet
1702 1608 1889 1667 super
1931 1608 2025 1659 ea,
2072 1596 2136 1648 et
2179 1594 2383 1649 totum
2427 1608 2790 1669 processum

329 1693 616 1753 habiturn
667 1693 746 1754 de
793 1694 1056 1765 eadem;
1115 1701 1178 1753 et
1221 1692 1388 1773 quod
1436 1692 1728 1753 dominus
1772 1693 2125 1755 Willelmus
2170 1694 2392 1755 Buffus
2442 1695 2791 1774 predictam

327 1799 712 1877 prebendam
755 1800 832 1861 de
875 1799 1229 1879 Ynteberge
1271 1807 1486 1859 teneat·
1529 1798 1941 1869 intitulatam,
1986 1799 2195 1879 quoad
2236 1800 2480 1872 vixerit,
2524 1802 2789 1880 pacifice

331 1909 396 1965 et
437 1904 644 1983 quiete
669 1924 684 1977 ;
741 1910 805 1964 et
847 1905 1014 1983 quod
1053 1924 1167 1984 pro
1222 1903 1385 1964 bono
1441 1904 1610 1981 pacis
1662 1909 1724 1964 et
1782 1902 2217 1982 redempcione
2259 1923 2677 1983 expensarum
2721 1913 2786 1968 et

329 2010 614 2071 laborum
671 2010 823 2070 dicti
879 2011 1219 2071 Humberti
1273 2010 1338 2070 in
1395 2010 1503 2070 lite
1557 2009 1841 2088 predicta
1896 2009 2101 2070 solvat
2166 2010 2372 2070 dictus
2434 2010 2789 2074 Willelmus

333 2115 502 2174 dicto
563 2115 915 2175 Humberto
974 2120 1242 2195 quatuor
1300 2113 1514 2193 viginti
1577 2122 1640 2173 et
1699 2114 1915 2173 decem
1975 2114 2166 2175 libras
2226 2116 2665 2195 sterlingorum
2728 2118 2793 2177 in

331 2222 622 2280 terminis
663 2220 826 2280 infra
867 2220 1112 2299 scriptis
1155 2227 1218 2280 et
1260 2220 1413 2280 locis
1436 2238 1451 2290 ;
1499 2218 1804 2290 videlicet,
1842 2220 1908 2278 in
1943 2219 2133 2279 Festo
2180 2220 2395 2281 Sancti
2432 2221 2785 2296 Michaelis,

331 2326 727 2403 Archangeli,
771 2326 922 2385 anni
950 2326 1278 2404 presentis,
1311 2344 1502 2385 unam
1537 2326 1943 2386 medietatem
1984 2326 2148 2404 apud
2186 2326 2433 2387 Novum
2463 2328 2796 2407 Templum

331 2432 803 2492 Londoniarum
825 2453 843 2506 ;
888 2437 952 2491 et
994 2431 1057 2489 in
1101 2431 1383 2510 proximo
1426 2430 1617 2491 Festo
1663 2430 1880 2490 Sancti
1924 2431 2299 2503 Ethelberti,
2332 2432 2519 2493 aliam
2562 2434 2794 2494 medie·

331 2544 532 2598 tatem
593 2538 660 2597 in
728 2536 1015 2597 Ecclesia
1084 2536 1443 2597 Cathedrali
1503 2534 1991 2607 Herefordensi;
2066 2542 2128 2597 et
2185 2539 2354 2619 quod
2418 2539 2499 2599 ad
2561 2539 2793 2601 dictam

331 2622 644 2703 summam
699 2642 961 2721 pecunie
1017 2642 1200 2702 dictis
1256 2642 1408 2702 locis
1465 2646 1527 2700 et
1574 2642 1859 2702 terminis
1899 2642 2379 2721 persolvendam
2423 2664 2489 2705 se
2533 2646 2788 2724 obliget,

331 2748 496 2809 sicut
559 2748 853 2809 duximus
915 2747 1371 2819 ordinandum;
1445 2758 1837 2807 reservantes
1899 2747 2079 2809 nobis
2134 2754 2517 2828 potestatem
2580 2758 2793 2831 partes

331 2854 766 2933 compellendi,
811 2855 946 2915 sine
989 2854 1252 2933 strepitu
1294 2854 1593 2933 judiciali,
1640 2853 1722 2915 ad
1765 2855 2071 2932 premissa
2114 2856 2326 2916 omnia
2377 2857 2791 2921 observanda.

333 2961 422 3020 Et
457 2961 532 3020 ad
566 2967 934 3040 perpetuam
969 2961 1334 3020 memoriam
1369 2962 1817 3039 premissorum
1852 2968 2209 3039 presentem
2250 2964 2548 3041 paginam
2592 2966 2795 3043 sigillo

331 3073 549 3127 nostro
589 3066 853 3127 fecimus
895 3066 1287 3126 communiri.
1379 3066 1620 3126 Datum
1664 3070 1728 3125 et
1779 3072 2147 3127 attestatum
2190 3068 2359 3146 apud
2402 3070 2782 3150 Bromyard,

333 3171 398 3231 xi
447 3171 768 3233 Kalendas
815 3171 855 3232 J
860 3171 989 3243 ulii,
1049 3190 1215 3232 anno
1279 3170 1534 3231 Domini
1595 3170 2057 3232 M⁰CC⁰LXX⁰
2112 3186 2306 3246 sext0,
2368 3175 2787 3237 Pontificatus

335 3279 534 3339 nostri
575 3278 798 3357 primo·

331 3499 485 3579 Auq.
543 3504 640 3571 11,
696 3502 1212 3561 1276.—Formal
1264 3501 1458 3561 notice
1513 3502 1582 3581 of
1629 3501 1917 3563 intended
1970 3502 2305 3564 Visitation
2358 3503 2536 3582 qivcn
2591 3510 2649 3563 to
2695 3504 2793 3565 the

575 3582 762 3641 Prior
801 3582 927 3642 and
972 3583 1238 3643 Convent
1278 3583 1348 3662 of
1381 3582 1777 3643 Leominstcr.

495 3736 1191 3798 Lnomsm.—Gum
1267 3756 1403 3809 noe,
1475 3739 1771 3811 Thomas,
1844 3744 1987 3810 etc..
2060 3740 2123 3798 in
2209 3737 2489 3800 crastino
2578 3739 2795 3801 Sancti

334 3842 668 3904 Laurencii
717 3842 1054 3902 terminum
1110 3844 1596 3922 peremptorium
1638 3843 1815 3903 vobis
1858 3843 2213 3905 dederimus
2268 3844 2347 3905 ad
2404 3845 2793 3907 visitandum

333 3968 446 4010 vos
501 3948 780 4009 Priorem
837 3953 899 4008 et
957 3948 1348 4009 Conventum
1401 3950 1843 4010 Leoministrie
1884 3957 1948 4011 et
1992 3950 2441 4010 monasterium
2488 3960 2791 4025 vestrum,

332 4053 650 4133 nichilque
704 4053 926 4115 fuisset
981 4072 1091 4132 per
1129 4072 1244 4114 vos
1285 4074 1362 4114 ea
1403 4054 1502 4114 die
1544 4055 1934 4133 propositum
1978 4056 2147 4134 quod
2191 4074 2305 4116 nos
2347 4075 2388 4116 a
2428 4056 2794 4119 visitacione

333 4158 618 4239 predicta
659 4160 960 4239 impedire
1002 4159 1275 4232 deberet,
1320 4160 1466 4221 licet
1516 4178 1702 4238 super
1758 4159 1876 4221 hoc
1939 4161 2163 4221 essetis
2223 4162 2435 4241 sepius
2487 4163 2795 4243 requisiti,

335 4266 418 4328 ad
479 4271 750 4327 vestram
809 4265 1332 4345 supplicacionem
1393 4272 1456 4325 et
1510 4265 1884 4344 peticionem
1942 4266 2282 4338 assiduam,
2343 4266 2419 4327 de
2481 4286 2796 4329 consensu

331 4380 548 4433 vestro
591 4390 901 4450 express0,
948 4372 1280 4431 terminum
1328 4372 1636 4449 precisum
1693 4380 1759 4431 et
1815 4372 2305 4451 peremptorium
2349 4371 2525 4433 vobis
2569 4373 2795 4436 damus

334 4485 400 4539 et
440 4476 800 4557 prefigimus
841 4476 942 4537 die
986 4476 1241 4538 Sabbati
1283 4477 1568 4555 proxima
1608 4482 1755 4538 ante
1793 4476 2052 4538 Festum
2092 4477 2526 4539 Exaltacionis
2564 4478 2796 4541 Sancte

335 4584 556 4646 Crucis
596 4582 763 4663 quod
804 4600 1024 4643 omnes
1065 4588 1128 4642 et
1171 4581 1396 4659 singuli
1439 4583 1858 4661 compareatis
1901 4601 2113 4642 coram
2164 4581 2345 4641 nobis
2394 4582 2459 4641 in
2505 4582 2797 4661 Capitulo

336 4688 701 4749 monasterii
755 4687 1034 4766 predicti,
1081 4687 1509 4747 visitacionem
1567 4692 1849 4747 nostram
1908 4686 2145 4767 precise
2206 4686 2557 4759 admissuri,
2603 4706 2796 4766 quam

337 4802 489 4857 tunc
529 4794 735 4855 facere
775 4792 1182 4863 intendimus,
1227 4793 1502 4854 Domino
1545 4801 1883 4864 annuente,
1929 4798 2113 4872 prout
2163 4792 2349 4852 officii
2405 4792 2604 4853 nostri
2646 4812 2798 4854 cura

335 4902 614 4984 requirit.
719 4902 946 4962 Actum
1004 4900 1070 4961 in
1142 4900 1432 4980 Capitulo
1489 4900 1907 4961 Leominstrie
1964 4900 2063 4959 die
2116 4884 2342 4961 Martis
2396 4900 2461 4959 in
2518 4901 2796 4961 crastino
