3459 5617
1152 506 1451 587 Episcopi
1504 507 1987 587 Herefordensis.
2677 510 2796 570 273

338 735 488 802 tem,
517 730 844 810 potissime
885 731 952 791 in
994 731 1392 812 expedicione
1434 737 1793 793 nostrorum
1834 732 2233 811 negociorum
2274 733 2691 812 pendencium
2731 732 2798 792 in

341 837 577 900 eadem.
662 838 915 910 Verum,
945 837 1093 919 quia
1134 837 1198 897 in
1241 838 1468 899 litteris
1495 837 1721 899 vestris
1763 837 1945 899 nobis
1977 838 2325 899 mandastis
2358 839 2526 919 quod
2557 839 2800 899 litteras

342 943 779 1016 absolucionis,
809 943 909 1006 vel
950 964 1139 1025 super
1179 944 1631 1024 irregularitate
1673 944 2185 1024 dispensacionis,
2215 943 2461 1006 absenti
2492 964 2619 1005 non
2653 965 2797 1006 con-

340 1049 561 1111 ceditis
602 1070 854 1130 quoquo
895 1050 1099 1121 modo,
1142 1069 1255 1112 vos
1296 1070 1587 1130 rogamus
1629 1051 1797 1130 quod
1843 1050 2023 1112 nobis
2069 1051 2408 1113 rescribere
2453 1051 2799 1132 dignemini

341 1176 423 1217 an
485 1155 589 1217 ille
650 1155 931 1232 clericus,
994 1156 1173 1235 cujus
1230 1176 1448 1217 casum
1509 1161 1574 1217 et
1629 1156 1959 1236 negocium
2019 1157 2318 1236 magister
2377 1157 2459 1218 W
2479 1157 2794 1236 [illelmus]

339 1261 517 1322 Brun
558 1261 736 1323 vobis
781 1262 1067 1342 exposuit
1108 1283 1236 1322 non
1279 1267 1376 1323 est
1413 1263 1537 1334 diu,
1573 1283 1830 1324 necesse
1870 1262 2099 1324 habeat
2138 1285 2254 1343 pro
2294 1285 2510 1325 eorum
2552 1265 2798 1344 expedi-

342 1366 519 1428 cione
563 1367 817 1428 Curiam
865 1373 1277 1428 memoratam
1322 1368 1529 1439 adire;
1588 1373 1652 1429 et
1690 1388 1807 1448 pro
1855 1368 1963 1429 ino
2010 1389 2122 1431 vos
2170 1388 2461 1449 rogamus
2502 1371 2800 1450 quatinus

341 1471 623 1551 ejusdem
679 1472 887 1533 clerici
940 1472 1287 1552 negocium,
1331 1479 1637 1552 quantum
1684 1473 1917 1553 poterit
1958 1473 2025 1534 in
2067 1474 2203 1554 ejus
2245 1474 2552 1547 absencia,
2594 1475 2803 1538 velitis

341 1578 573 1639 nostris
628 1578 917 1657 precibus
971 1598 1337 1658 promovere
1391 1578 1459 1637 in
1513 1583 1782 1650 tantum,
1827 1579 1882 1640 si
1929 1580 2134 1659 placet
2181 1585 2246 1641 et
2293 1580 2427 1641 fieri
2467 1581 2685 1661 possit,
2727 1587 2803 1642 ut

337 1703 452 1763 pro
493 1684 895 1763 expedicione
934 1685 1239 1764 prelibata
1280 1684 1360 1744 ad
1403 1684 1653 1746 Curiam
1696 1685 1960 1745 eandem
2003 1686 2296 1746 accedere
2335 1685 2594 1747 minime
2631 1706 2797 1748 com-

340 1790 645 1868 pellatur;
716 1790 883 1869 quod
937 1788 1191 1870 quidem
1246 1789 1447 1851 eidem
1504 1789 1778 1851 feceritis
1847 1810 1959 1851 seu
2026 1791 2505 1870 procuraveritis
2559 1792 2626 1852 in
2679 1791 2801 1852 hac

338 1900 515 1975 parte
585 1896 766 1957 nobis
835 1897 1266 1976 reputabimus
1335 1896 1465 1957 fore
1535 1897 1790 1958 factum.
1901 1897 1989 1957 Et
2057 1897 2111 1958 si
2168 1897 2452 1978 pluribus
2509 1899 2798 1977 occupati

341 2020 573 2061 nomen
615 2001 764 2062 dicti
806 2001 1011 2062 clerici
1053 2001 1349 2063 oblivioni
1392 2001 1705 2072 dederitis,
1763 2001 1968 2082 ipsum
2010 2002 2215 2064 dictus
2259 2003 2558 2083 magister
2604 2004 2685 2064 W
2705 2003 2797 2082 [il-

341 2106 589 2185 lelmus]
678 2107 855 2170 vobis
930 2108 1158 2168 iterum
1233 2107 1551 2169 revelabit.
1663 2107 1958 2168 Ceterum
2040 2127 2184 2189 erga
2265 2109 2799 2188 consanguineum

343 2219 640 2285 vestrum,
712 2213 1043 2275 Rectorem
1124 2213 1382 2274 ecclesie
1457 2214 1533 2274 de
1612 2213 2019 2286 Munselowe,
2088 2219 2422 2294 paternum
2499 2215 2797 2276 affectum

338 2319 725 2391 habebimus,
782 2325 855 2380 ut
912 2321 1277 2381 mandastis.
1382 2320 1470 2380 Et
1525 2319 1671 2399 quia
1725 2340 1854 2380 non
1911 2321 2145 2382 scimus
2198 2325 2264 2381 et
2319 2321 2554 2381 factum
2612 2341 2798 2382 suum

343 2426 621 2487 totaliter
674 2425 1050 2506 ignoramus,
1096 2426 1362 2487 scribere
1410 2431 1626 2487 nostro
1676 2425 1941 2487 Officiali
1990 2426 2378 2488 decrevimus
2432 2427 2598 2506 quod
2653 2446 2798 2486 eum

338 2529 405 2588 in
473 2530 680 2610 aliquo
750 2550 880 2591 non
952 2530 1263 2592 molestet.
1374 2531 1462 2590 Et
1538 2549 1683 2590 cum
1758 2530 1940 2591 nobis
2016 2531 2349 2611 aliquando
2425 2531 2802 2610 scripseritis

339 2636 671 2716 specialius
720 2637 797 2698 de
852 2638 1089 2710 eodem,
1148 2657 1223 2698 ea
1276 2657 1390 2717 pro
1438 2637 1672 2699 viribus
1722 2637 1975 2699 effectui
2025 2637 2380 2699 curabimus
2421 2638 2798 2717 mancipare.

341 2743 639 2804 Valeatis.
724 2743 962 2804 Datum
1019 2745 1185 2823 apud
1242 2743 1579 2814 Fontanas,
1637 2743 1725 2823 iiij
1786 2743 2005 2804 Nonas
2059 2743 2099 2803 J
2100 2742 2252 2802 unii.

345 3029 583 3090 Lelters
628 3037 685 3089 to
734 3028 1015 3089 William
1054 3029 1235 3088 Brun
1273 3027 1399 3088 and
1442 3027 1609 3088 John
1654 3027 1728 3088 de
1776 3026 2075 3105 Bitterley
2115 3025 2435 3087 contained
2475 3031 2659 3085 secret
2699 3024 2795 3084 in-

584 3109 934 3181 structions,
977 3109 1103 3170 and
1142 3129 1292 3169 were
1332 3115 1438 3168 not
1478 3108 1705 3188 copied.
2099 3123 2106 3130 ·

501 3266 1177 3328 Mnuonmnuu.—Et
1246 3266 1719 3326 memorandum
1802 3264 1970 3344 quod
2051 3263 2187 3343 ipsa
2267 3263 2404 3324 vice
2485 3264 2800 3323 Dominus

341 3372 594 3452 propria
648 3392 840 3432 manu
896 3392 1010 3432 sua
1051 3371 1302 3452 scripsit
1344 3371 1660 3451 magistris
1702 3369 2076 3452 W[illelmo]
2131 3371 2308 3430 Brun
2349 3375 2414 3431 et
2454 3370 2494 3430 J
2515 3370 2793 3450 [ohanni]

335 3477 413 3537 de
454 3476 793 3556 Buterleye
832 3477 1103 3556 quedam
1144 3480 1401 3547 secreta,
1445 3496 1708 3555 quorum
1753 3495 1881 3537 non
1923 3475 2314 3537 habebantur
2355 3475 2746 3554 transcripta.

503 3611 635 3672 Iste
690 3611 899 3671 littere
948 3610 1297 3689 subscripto
1352 3609 1431 3669 ad
1487 3608 1742 3669 Curiam
1791 3607 2142 3668 Romanam
2189 3626 2301 3686 per
2340 3606 2431 3677 P„
2473 3606 2794 3678 nuncium,

334 3722 400 3779 et
441 3717 707 3778 Pikarde
749 3717 997 3777 fuerant
1038 3717 1379 3795 deportate.

343 3986 503 4046 June
530 3985 921 4046 16.——Letter
949 3991 1006 4044 to
1037 3983 1133 4044 his
1162 3983 1443 4043 Proctors
1472 4001 1551 4042 on
1580 3981 1676 4041 the
1703 3979 1852 4040 need
1873 3979 1944 4058 of
1948 3983 2221 4058 presente
2253 3985 2311 4038 lo
2335 3977 2432 4038 the
2464 3976 2796 4038 Cardinals

583 4066 655 4126 in
686 4066 861 4127 order
900 4073 957 4126 to
1000 4084 1071 4125 ea·
1114 4063 1271 4124 edite
1306 4062 1403 4123 his
1441 4062 1661 4142 affairs
1692 4067 1758 4121 at
1786 4061 1992 4121 Rome.
2077 4058 2174 4120 He
2203 4079 2319 4119 can
2345 4057 2487 4136 only
2515 4057 2662 4119 send
2689 4077 2797 4118 one

586 4147 863 4207 hundred
888 4165 1015 4226 pou
1101 4167 1149 4216 3,
1178 4143 1380 4204 which
1420 4141 1553 4202 will
1592 4141 1792 4220 suffice
1835 4141 1940 4202 but
1969 4141 2079 4220 sor
2117 4160 2158 4201 a
2225 4159 2308 4200 ew
2337 4139 2462 4200 and
2506 4139 2604 4198 the
2642 4144 2797 4198 ‘most

585 4227 955 4306 influential.
1042 4225 1289 4287 Several
1334 4223 1533 4285 modes
1582 4225 1652 4303 os
1692 4221 2101 4299 distributim
2151 4226 2173 4279 t
2295 4240 2431 4280 sum
2477 4239 2580 4279 are
2633 4238 2794 4279 men·

586 4309 806 4369 lioned.
891 4307 989 4368 He
1044 4305 1297 4367 dislikes
1343 4305 1439 4365 the
1486 4304 1779 4384 proposal
1835 4309 1892 4362 to
1947 4303 2096 4381 offer
2132 4321 2342 4379 momy
2391 4320 2460 4360 o‘r
2489 4299 2693 4379 jewels
2739 4305 2797 4360 to

586 4389 682 4450 the
722 4389 903 4468 Pope.
988 4389 1059 4467 Is
1093 4385 1425 4464 absolutely
1467 4404 1800 4462 necessary,
1841 4403 2002 4444 more
2047 4389 2212 4442 must
2254 4381 2320 4442 be
2362 4380 2660 4441 bor-rowed
2689 4380 2798 4459 sor

583 4471 681 4530 the
728 4488 991 4549 purpose
1013 4490 1035 4538 ,·
1100 4467 1162 4547 {f
1218 4467 1351 4527 that
1410 4466 1475 4527 be
1535 4472 1640 4525 not
1689 4464 1970 4545 seasibla
2033 4461 2387 4524 deductions
2449 4460 2669 4522 should
2732 4461 2798 4522 be

582 4550 757 4611 made
786 4551 956 4630 from
998 4549 1095 4609 the
1136 4567 1299 4609 sams
1334 4546 1650 4627 proposed.

499 4710 1081 4769 Pnoounaronmus
1166 4724 1233 4764 m
1310 4704 1516 4766 Cuma
1593 4703 1869 4763 Romam
1955 4697 2794 4776 uomurtsUS.—Magistris

336 4813 711 4898 W[i]lelmo]
774 4814 951 4873 Brun
1007 4818 1070 4874 et
1117 4813 1157 4873 J
1178 4811 1456 4890 [ohanni]
1512 4810 1589 4870 de
1637 4808 1974 4887 Buterleye
2023 4806 2307 4868 salutem.
2403 4805 2580 4865 Licet
2627 4805 2794 4864 inter

334 4941 453 4983 nos
511 4941 715 4983 sermo
770 4920 1045 4982 extiterit
1099 4918 1449 4998 aliquando,
1506 4921 1570 4978 et
1624 4913 2026 4995 postmodum
2082 4932 2271 4992 super
2323 4911 2540 4972 eodem
2602 4909 2790 4971 fuerit
