3459 5617
1166 527 1464 607 Episcopi
1517 527 1592 585 H
1586 525 2002 606 ereforden-sis.
2695 524 2812 585 103

357 750 715 812 Conventus
776 751 991 811 Sancti
1050 750 1223 811 Petri
1280 749 1689 819 Gloucestrie,
1743 769 2031 809 verorum
2089 755 2496 828 patronorum
2555 746 2817 809 ecclesie

354 859 430 918 de
482 858 684 917 Parva
744 857 968 927 Conra,
1026 864 1089 917 te
1144 857 1223 916 ad
1280 857 1481 935 ipsam
1538 855 1865 916 ecclesiam
1923 854 2315 915 admittimus
2371 853 2696 913 caritative
2749 859 2815 913 et

352 963 646 1023 canonice
679 963 1073 1023 instituimus
1107 962 1173 1020 in
1206 963 1443 1031 eadem,
1480 962 1826 1021 secundum
1855 960 2119 1020 formam
2149 958 2658 1027 ConstitucioniS,
2694 966 2813 1019 etc.

356 1070 589 1129 Datum
633 1068 997 1139 Londoniis,
1038 1069 1139 1147 xvj
1186 1068 1505 1128 Kalendas
1546 1066 1939 1127 Novembris.

348 1426 554 1486 Letter
608 1432 667 1485 to
724 1424 823 1485 the
880 1425 1113 1503 Bishop
1167 1425 1238 1504 of
1286 1426 1532 1503 Banqor
1584 1424 1858 1502 desirinq
1911 1424 2040 1485 him
2082 1432 2139 1485 ιο
2181 1446 2354 1485 warn
2393 1426 2702 1502 Llewelyn
2745 1434 2804 1487 ιο

512 1512 730 1566 restore
787 1513 844 1566 ιο
901 1506 999 1566 the
1055 1506 1163 1566 See
1216 1505 1286 1584 of
1334 1506 1634 1584 Heresord
1692 1506 1790 1564 the
1833 1505 1994 1565 three
2040 1506 2289 1583 villaqes
2331 1506 2532 1566 which
2576 1506 2699 1567 had
2740 1508 2814 1587 of

514 1588 615 1647 old
658 1586 939 1665 belonqed
982 1594 1039 1647 ιο
1080 1588 1151 1647 it.

514 1745 835 1804 Emscoro
864 1743 1758 1804 BANeonstr.—Reverendo
1787 1744 1960 1803 Patri
1988 1744 2052 1803 in
2083 1744 2352 1815 Christe,
2375 1750 2514 1815 etc„
2539 1746 2815 1807 Domino

352 1850 757 1929 Bangorensi,
800 1856 919 1910 etc.
1004 1850 1427 1910 Ecclesiamm
1470 1850 1744 1928 negocia,
1789 1856 1852 1910 et
1895 1871 1968 1911 ea
2009 1870 2130 1930 que
2169 1850 2326 1929 jura,
2357 1851 2810 1923 immunitate&

350 1954 747 2016 libertatesve
804 1956 1177 2033 contingunt
1228 1956 1585 2025 earundem,
1642 1976 1892 2016 summa
1949 1976 2066 2035 ope
2119 1963 2183 2016 et
2235 1957 2422 2017 alacri
2476 1959 2685 2019 studio
2738 1959 2818 2020 ab

350 2060 659 2129 omnibuS,
718 2062 985 2120 maxime
1041 2062 1317 2140 ipsarum
1372 2054 1648 2139 prelatis,
1699 2082 1775 2121 eo
1831 2062 2060 2122 sorcius
2116 2070 2180 2123 et
2235 2062 2538 2123 libencius
2593 2065 2815 2125 unani·

354 2168 537 2227 miter
576 2168 1009 2247 prosequenda
1061 2174 1211 2227 sunt
1263 2188 1386 2247 qua
1436 2167 1870 2226 invadencium
1921 2167 2179 2228 ecclesie
2227 2167 2392 2228 bona
2433 2169 2555 2229 hiis
2597 2170 2817 2232 diebus

354 2274 533 2335 avida
580 2274 890 2353 rapacitas
940 2274 1003 2331 in
1064 2274 1269 2333 medio
1314 2272 1786 2332 intolerabiliter
1829 2272 2079 2351 erepsit,
2126 2279 2190 2332 et
2235 2293 2360 2351 quo
2406 2274 2705 2335 sublimes
2750 2281 2815 2335 et

352 2381 636 2460 majoreS,
688 2381 796 2460 qui
853 2400 992 2440 eam
1050 2380 1209 2440 tueri
1270 2384 1334 2439 et
1392 2378 1748 2439 deffendere
1797 2399 1872 2438 ex
1927 2379 2135 2439 debito
2185 2386 2564 2452 tenerentur,
2608 2382 2814 2460 ipsam

350 2486 493 2546 licet
544 2492 813 2545 matrem
866 2506 1044 2546 suam
1095 2485 1447 2545 numerosis
1500 2484 1745 2563 injuriis
1795 2490 2094 2564 tanquam
2137 2485 2362 2565 ingrati
2405 2486 2704 2559 afficiunt,
2749 2494 2816 2549 et

351 2598 533 2669 prout
604 2596 877 2652 vestram
946 2591 1393 2651 discrecionem
1462 2591 1655 2651 latere
1724 2610 1853 2651 non
1923 2592 2254 2663 credimus,
2327 2592 2478 2653 diris
2555 2614 2814 2655 concus-

350 2697 629 2758 sionibus
706 2702 770 2757 et
845 2696 1353 2776 oppressionibus
1421 2696 1740 2776 nephariis
1816 2696 2204 2757 incessanter
2277 2717 2630 2777 expugnare
2697 2720 2814 2780 pro

352 2803 584 2864 viribus
654 2804 883 2863 cotidie
952 2823 1078 2863 non
1141 2808 1450 2863 verentur.
1566 2804 1727 2863 Sane
1798 2802 1979 2863 nobis
2048 2804 2126 2862 ad
2195 2804 2472 2883 regimen
2539 2806 2818 2885 predicte

350 2910 633 2970 Ecclesie
693 2908 1191 2979 Herefordensis,
1250 2909 1396 2969 licet
1454 2929 1736 2968 essemus
1794 2910 1872 2968 ad
1933 2909 2052 2969 hoc
2109 2908 2366 2988 indigni,
2409 2910 2620 2970 divina
2675 2931 2816 2991 pro-

350 3016 633 3077 videncia
662 3035 863 3094 nuper
890 3015 1247 3094 assumptis,
1272 3020 1488 3083 terraS,
1512 3014 1940 3093 possessiones
1962 3020 2026 3075 et
2048 3034 2146 3075 res
2176 3014 2329 3075 alias
2359 3014 2436 3074 ad
2467 3015 2818 3098 Ecclesiam

350 3122 697 3201 predictam
734 3122 921 3201 pleno
957 3121 1093 3200 jure
1132 3126 1489 3199 spectantes
1518 3141 1555 3180 a
1581 3120 1894 3199 plerisque
1922 3125 2140 3180 contra
2170 3121 2376 3180 Deum
2406 3127 2470 3181 et
2496 3122 2817 3200 justiciam

348 3232 689 3308 occupatas
730 3226 1151 3287 intelleximus
1193 3232 1256 3287 et
1298 3228 1603 3295 detentaS,
1648 3226 1712 3284 in
1763 3226 2042 3305 ipsorum
2091 3227 2540 3305 occupancium
2591 3228 2814 3290 salutis

354 3334 752 3415 dispendium
804 3338 868 3394 et
915 3352 1167 3412 gravem
1220 3332 1659 3393 Ecclesiastico
1712 3330 2018 3392 libertatis
2061 3331 2380 3404 lesionem,
2426 3354 2498 3393 ac
2539 3334 2818 3414 predicte

354 3440 637 3502 Ecclesie
708 3439 1187 3500 Herefordensis
1255 3438 1669 3518 prejudicium
1739 3457 1867 3497 non
1943 3438 2258 3497 modicum
2327 3446 2392 3499 et
2459 3459 2814 3519 gravamen.

356 3548 624 3627 Propter
684 3547 851 3626 quod
912 3545 1098 3606 officii
1156 3545 1354 3605 nostri
1413 3544 1692 3604 debitum
1753 3544 2091 3623 adimplere
2149 3546 2448 3617 volentes,
2509 3554 2821 3627 quatenus

355 3654 677 3732 potuimus
732 3653 801 3711 in
855 3652 973 3712 hac
1028 3656 1223 3731 parte,
1267 3671 1485 3710 omnes
1542 3650 1900 3729 hujusmodi
1960 3651 2390 3712 malefactores
2445 3660 2508 3713 et
2560 3674 2699 3714 reos
2751 3654 2818 3713 in

350 3759 675 3820 sentencia
718 3758 971 3837 majoris
1014 3756 1683 3817 excommunicacionis
1724 3757 2019 3816 incidisse
2069 3757 2206 3835 ipso
2257 3757 2422 3818 facto
2463 3758 2708 3837 publice
2750 3766 2816 3821 et

350 3865 784 3945 sollempniter
824 3862 1337 3923 denunciavimus
1380 3862 1445 3920 in
1487 3880 1746 3940 genere;
1800 3868 1986 3941 prout
2029 3862 2094 3919 in
2145 3869 2382 3922 statuto
2427 3864 2482 3921 B
2503 3864 2798 3943 [onifacii]

352 3971 515 4032 bone
572 3969 889 4039 memorie,
944 3967 1410 4047 Archiepiscopi
1465 3966 1952 4037 Cantuariensis,
2008 3968 2086 4027 de
2137 3969 2453 4027 communi
2507 3989 2820 4031 consensu

351 4078 637 4138 omnium
696 4076 1232 4155 suffraganeorum
1287 4093 1539 4133 suorum
1597 4074 1834 4133 dudum
1891 4094 2078 4153 super
2125 4074 2245 4134 hoc
2299 4074 2486 4145 edito,
2536 4080 2598 4135 et
2649 4096 2816 4137 sum-

352 4203 599 4243 morum
646 4181 1027 4242 Pontificum
1076 4180 1447 4240 auctoritate
1496 4180 1898 4258 postmodum
1949 4179 2334 4248 confirmato,
2377 4180 2624 4259 plenius
2669 4202 2814 4242 con-

352 4288 607 4349 tinetur.
712 4288 914 4362 Quam
958 4287 1209 4367 quidem
1252 4287 1637 4347 sentenciam
1687 4285 2074 4345 Venerabilis
2125 4286 2434 4346 Dominus
2484 4286 2815 4361 Bobertus,

350 4415 523 4455 nunc
552 4394 1073 4473 Archiepiscopus
1102 4392 1588 4462 Cantuariensis,
1612 4392 1746 4452 suis
1773 4391 2184 4469 suffraganeis
2212 4390 2278 4449 in
2307 4392 2438 4452 suis
2466 4393 2818 4457 diocesibus

350 4499 631 4578 precepit
686 4504 751 4558 et
805 4496 1077 4577 injunxit
1132 4496 1393 4557 firmiter
1447 4503 1510 4556 et
1566 4497 1778 4576 sepius
1833 4495 2290 4575 publicandam.
2402 4494 2684 4575 Cumque
2739 4498 2818 4559 de

348 4604 712 4683 hujusmodi
764 4601 1079 4682 sacrilegis
1132 4607 1275 4681 post
1334 4602 1565 4661 dictam
1624 4602 2012 4662 sentenciam
2069 4600 2421 4679 generalem
2481 4602 2811 4680 specialius

351 4710 828 4790 inquireremuS,
870 4715 1261 4789 compertum
1302 4714 1399 4769 est
1442 4708 1621 4768 nobis
1660 4728 1773 4786 per
1813 4707 2158 4785 fidetlignos
2202 4708 2368 4787 quod
2415 4708 2468 4766 L
2487 4708 2777 4787 [eulinus]
2799 4756 2814 4780 ,

354 4816 656 4895 Princeps
718 4816 962 4886 Wallie,
1027 4816 1329 4895 quasdam
1390 4820 1589 4875 terras
1658 4819 1723 4874 et
1791 4814 2218 4893 possessiones
2286 4814 2674 4892 pertinentes
2735 4815 2814 4874 ad

352 4924 702 4984 Ecclesiam
748 4928 1030 4983 nostram
1074 4922 1437 5002 predictam,
1484 4920 1774 4981 videlicet
1821 4920 2001 4980 villas
2050 4920 2127 4980 de
2177 4918 2504 4990 Chastrok,
2555 4919 2810 4992 Astone,
