3459 5617
63 4520 110 4560 ³1.
137 4519 238 4561 ⁴2b.
293 4504 298 4508 ⁴

1131 502 1432 582 Episcopi
1485 503 1969 583 Heresordensts.
2664 506 2780 565 145

319 726 388 787 in
425 728 716 789 omnibus
753 727 1100 789 observare.
1186 727 1603 788 Attendentes
1643 727 1835 806 igitur
1874 728 1941 787 in
1982 727 2201 807 primis
2244 746 2311 788 es
2340 728 2612 787 alienum
2656 746 2783 806 quo

315 835 494 905 estis,
538 842 610 894 ut
653 834 871 905 fertur,
915 834 1192 913 obligati,
1237 839 1300 893 et
1349 834 1538 894 nimis
1587 842 1843 895 tenuem
1892 833 2196 894 bonorum
2242 841 2591 894 vestrorum
2638 833 2781 894 sub-

331 940 663 1011 stanciam,
737 940 914 1001 vobis
983 939 1338 1000 districcius
1424 938 1782 1000 inhibemus
1856 960 1935 999 ne
2014 939 2285 1019 aliquem
2353 938 2611 999 fratrem
2683 938 2784 999 vel

320 1046 719 1117 canonicum,
765 1045 946 1107 nobis
988 1046 1364 1107 inconsultis
1420 1052 1484 1106 et
1540 1046 1932 1126 irrequisitis,
1980 1046 2059 1106 ad
2106 1046 2467 1124 religionem
2510 1051 2783 1106 vestram

327 1150 730 1230 aliquatenus
765 1151 1138 1223 admittatis,
1171 1157 1240 1211 ut
1279 1152 1368 1212 sic
1407 1158 1626 1211 mutua
1662 1151 2119 1211 deliberacione
2162 1170 2348 1230 super
2379 1152 2499 1210 hoc
2540 1150 2779 1221 habita,

327 1255 576 1337 plenius
646 1276 945 1337 apparere
1003 1256 1210 1317 valeat
1267 1260 1361 1316 ut¹
1423 1256 1662 1335 ingredi
1730 1256 2001 1317 volentis
2076 1256 2436 1334 religionem
2504 1264 2782 1316 vestram

317 1364 638 1441 ingressus
702 1364 858 1435 De0,
923 1362 1121 1433 vobis,
1186 1371 1250 1424 et
1312 1362 1696 1423 monasterio
1750 1368 1959 1423 vestro
2022 1361 2193 1423 utilis
2255 1363 2486 1423 existat
2549 1370 2611 1421 et
2675 1380 2781 1422 ne-

319 1470 650 1530 cessarius.
761 1468 1071 1540 Secundo,
1129 1468 1418 1529 volumus
1475 1477 1538 1528 et
1592 1468 1971 1547 precipimus
2014 1468 2341 1529 silencium
2397 1468 2460 1526 in
2518 1468 2783 1528 ecclesia

317 1586 550 1646 vestra,
597 1575 894 1642 claustr0‚
939 1574 1287 1645 refectorio,
1339 1582 1403 1634 et
1445 1573 1831 1644 dormitorio,
1878 1574 2220 1633 secundum
2271 1573 2520 1653 regulas
2562 1581 2626 1633 et
2674 1573 2779 1632 ob-

317 1682 680 1742 servancias
737 1680 992 1741 Ordinis
1047 1679 1260 1749 vestri,
1320 1679 1506 1739 solito
1561 1680 1848 1740 striccius
1889 1679 2225 1739 observari.
2338 1678 2575 1750 Terci0,
2635 1698 2779 1738 cum

320 1807 447 1849 non
494 1788 696 1848 solum
741 1807 780 1847 a
821 1787 988 1847 malo
1030 1794 1126 1847 set
1171 1786 1249 1846 ab
1291 1786 1462 1846 omni
1519 1785 1723 1864 specie
1768 1795 1833 1844 et
1881 1785 2209 1845 occasione
2262 1785 2413 1844 mali
2463 1784 2778 1844 abstinere

319 1894 624 1965 debeatis,
688 1893 1046 1953 inhibemus
1121 1894 1185 1951 in
1264 1892 1496 1953 virtute
1571 1890 1933 1951 obediencie
2002 1909 2126 1969 qua
2200 1890 2381 1950 nobis
2456 1889 2779 1960 tenemini,

321 2006 388 2061 et
453 2001 616 2060 sicut
686 1999 1055 2059 canonicam
1125 1998 1435 2058 ulcionem
1507 1996 1831 2058 volueritis
1900 1998 2153 2066 evitare,
2217 2014 2296 2055 ne
2366 1996 2529 2055 infra
2597 2005 2780 2073 septa

322 2104 690 2165 Monasterii
735 2103 926 2164 vestri
967 2104 1261 2163 mulieres
1315 2122 1684 2182 quecunque
1740 2107 2207 2181 pernoctentur,
2251 2120 2494 2161 moram
2549 2101 2781 2160 ibidem

321 2230 433 2289 per
503 2210 638 2269 dies
706 2210 950 2289 aliquos
1019 2208 1326 2279 faciend0,
1395 2216 1582 2287 prout
1652 2208 1773 2268 hoc
1841 2208 2008 2267 idem
2073 2228 2111 2268 a
2168 2207 2523 2269 Venerabili
2590 2208 2781 2267 Patre

318 2324 554 2386 nostr0,
613 2315 888 2375 Domino
944 2315 1384 2376 Cantuariensi
1435 2314 1920 2394 Archiepiscopo
1968 2315 2032 2373 in
2083 2334 2199 2374 sua
2238 2314 2622 2375 Visitacione
2670 2332 2782 2374 vos

320 2422 629 2500 recepisse
689 2422 979 2481 novimus
1041 2421 1104 2480 in
1163 2421 1495 2499 preceptis.
1609 2421 1805 2481 Porro
1863 2420 2198 2481 canonicos
2257 2420 2499 2499 aliquos
2554 2420 2781 2480 domus

319 2536 526 2589 vestre
589 2528 654 2587 in
722 2528 1037 2606 obsequiis
1099 2528 1494 2607 quorundam
1562 2533 1932 2605 magnatum
1996 2527 2372 2587 secularium
2434 2527 2511 2586 de
2574 2532 2785 2587 vestra

317 2634 580 2694 licencia
640 2633 1066 2693 intelleximus
1125 2641 1606 2703 commorantes,
1653 2652 1915 2711 quorum
1975 2634 2300 2712 presencia
2362 2640 2425 2692 et
2486 2652 2661 2692 mora
2714 2631 2779 2691 in

321 2739 508 2800 domo
566 2740 868 2799 continua
914 2741 996 2817 [a]
1043 2738 1362 2798 nonnullis
1418 2738 1818 2798 estimaretur
1872 2739 2049 2799 vobis
2101 2747 2166 2798 et
2222 2738 2340 2799 sibi
2397 2738 2779 2817 quampluri-

319 2866 492 2906 mum
533 2845 927 2925 profectura;
973 2852 1089 2915 set,
1126 2844 1274 2923 quia
1311 2844 1388 2903 de
1427 2844 1546 2903 hoc
1585 2845 1907 2904 cerciorati
1946 2863 2071 2903 non
2110 2844 2343 2903 fuimus
2381 2844 2461 2903 ad
2498 2843 2777 2922 plenum,

315 2952 790 3013 revocacionem
848 2950 1184 3011 eorundem
1243 2960 1449 3011 vestre
1512 2951 1880 3010 discrecioni
1950 2955 2012 3009 et
2076 2950 2463 3010 consciencie
2520 2950 2777 3028 dignum

315 3058 608 3118 duximus
650 3058 902 3137 penitus
945 3057 1441 3136 relinquendam.
1529 3056 1658 3118 Vos
1695 3056 1887 3135 igitur
1917 3057 1981 3115 in
2016 3057 2339 3134 premissis
2373 3056 2463 3115 ita
2495 3056 2781 3117 habeatis

320 3171 390 3224 ut
450 3163 709 3241 gloriam
769 3171 831 3221 et
888 3162 1195 3241 premium
1254 3162 1476 3221 mereri
1531 3160 1788 3240 possitis
1843 3160 1907 3219 in
1958 3159 2236 3220 futurum
2293 3165 2357 3219 et
2397 3160 2672 3238 graciam
2715 3160 2781 3219 in

316 3270 616 3348 presenti.
703 3270 961 3329 Statuta
1003 3274 1216 3327 autem
1261 3278 1324 3326 et
1369 3266 1803 3327 ordinaciones
1842 3266 2107 3344 predicti
2148 3266 2540 3327 Venerabilis
2580 3266 2782 3325 nostri

319 3375 594 3445 Domini,
676 3374 1148 3435 Cantuariensis
1227 3372 1711 3451 Arcbiepiscopi,
1785 3378 1847 3432 et
1930 3372 2191 3432 aliorum
2269 3372 2779 3449 predecessorum

319 3489 698 3551 nostrorum,
765 3481 933 3559 apud
991 3498 1104 3539 vos
1167 3480 1356 3548 edita.
1421 3486 1561 3539 rata
1618 3479 1925 3539 habentes
1983 3490 2047 3537 et
2106 3479 2306 3549 firma,
2368 3477 2657 3537 volumus
2715 3494 2780 3537 et

319 3589 706 3667 injungimus
767 3589 832 3647 in
892 3586 1184 3648 omnibus
1243 3586 1529 3647 similiter
1585 3585 1926 3646 observari.
2027 3584 2256 3645 Valeat
2327 3594 2534 3643 vester
2602 3591 2783 3643 cetus

322 3694 696 3755 venerabilis
738 3701 800 3753 et
844 3694 908 3753 in
952 3692 1176 3753 melius
1218 3692 1504 3770 proficiat
1547 3694 1611 3751 in
1654 3702 1964 3752 eternum.
2050 3690 2312 3760 Datum,
2358 3696 2475 3749 etc.

332 3998 458 4061 Oct.
523 4004 622 4063 25.
689 3998 1251 4059 1277.—Mandate
1315 4004 1372 4056 to
1439 3995 1534 4055 the
1597 3996 1777 4055 Dean
1834 4000 1895 4073 os
1951 3994 2325 4069 Pontesbury
2389 4000 2447 4052 to
2507 3992 2622 4052 cite
2685 3991 2783 4051 the

571 4083 819 4140 Rectors
884 4080 952 4155 of
1015 4078 1322 4147 Worthe‘n,
1397 4076 1737 4153 Wcstbury,
1802 4074 1927 4147 and
1989 4072 2369 4149 Pontesbury
2429 4080 2487 4132 to
2548 4090 2783 4150 appear

569 4160 761 4237 before
823 4160 919 4219 the
977 4158 1210 4237 Bishop
1270 4166 1327 4218 to
1375 4176 1611 4218 answe‘r
1638 4158 1749 4235 for
1776 4156 2013 4234 failure
2060 4162 2117 4214 to
2158 4154 2371 4214 attend
2413 4153 2507 4213 his
2558 4152 2781 4213 Visita-

500 4295 518 4316 ‚
568 4241 714 4311 tion,
754 4240 1064 4319 plurality
1107 4240 1176 4317 os
1212 4238 1514 4317 benefice-3,
1558 4238 1684 4297 and
1724 4238 1899 4297 other
1936 4236 2204 4315 chao-938.
2314 4238 2405 4295 He
2446 4234 2500 4294 is
2542 4233 2673 4294 also
2717 4240 2781 4293 to

562 4322 770 4382 collect
819 4322 916 4381 the
949 4321 1378 4400 procurations
1421 4318 1556 4379 due.

487 4493 1327 4563 Pournsnunr.-Thomas,
1379 4498 1523 4562 etc.,
1576 4491 1836 4550 Decano
1894 4489 1969 4549 de
2033 4485 2427 4566 Pontesbyry
2488 4486 2781 4558 salutem,

321 4608 435 4662 etc.
547 4600 932 4660 Mandamus
979 4599 1155 4660 vobis
1211 4598 1509 4678 quatinus
1565 4596 1866 4657 Rectores
1921 4594 1999 4654 de
2040 4592 2373 4670 Worthyn,
2420 4591 2779 4669 Westbury,

318 4713 383 4768 et
418 4708 497 4767 de
531 4706 925 4783 Pontesbury
964 4705 1174 4765 citetis
1215 4702 1630 4782 peremptorie
1672 4700 1841 4780 quod
1882 4704 2289 4777 compareant
2331 4716 2543 4757 coram
2576 4695 2777 4767 nobie,

323 4813 681 4893 ubicunque
737 4820 880 4883 etc.,
926 4810 1025 4870 die
1085 4809 1342 4871 Sabbati
1397 4809 1684 4888 proxima
1739 4812 1883 4886 post
1940 4805 2197 4865 Festum
2244 4803 2541 4864 Omnium
2587 4802 2779 4862 Sanc-

1355 4946 1484 4986 1-1n
1511 4945 1612 4985 MS.
1639 4944 1751 4983 aut.
