3459 5617
1165 483 1464 563 Episcopi
1517 484 1999 563 Heresordensts.
2732 488 2813 549 39

352 713 415 769 et
443 728 704 769 carucae
733 728 877 769 cum
907 716 1138 781 etcum,
1173 708 1392 787 quales
1420 710 1486 770 in
1516 711 1909 791 Episcopatu
1936 709 2170 770 fuerint
2199 710 2460 771 relicte.¹
2540 710 2629 769 Et
2658 710 2810 789 quia

351 794 640 877 volumus
667 816 834 895 quod
877 822 1125 876 tantum
1170 814 1540 877 beneficium
1586 817 1769 877 nobis
1810 816 2106 877 collatum
2150 816 2378 877 futuris
2422 817 2811 895 temporibus

349 922 548 1001 prosit
569 921 854 983 Ecclesie
875 930 1090 982 nostre
1110 921 1503 994 'Herefordie,
1529 922 1957 1002 promittimus
1986 942 2102 983 nos
2132 923 2527 984 tantumdem
2545 924 2810 1002 pecunie

352 1027 694 1089 successori
732 1033 944 1089 nostro
983 1028 1332 1101 relicturos,
1366 1029 1486 1089 nisi
1516 1029 1750 1090 fuerint
1781 1035 1943 1090 terre
1972 1030 2172 1089 nostri
2200 1028 2495 1090 decessus
2524 1035 2806 1107 tempore

350 1136 678 1195 seminate.
765 1134 946 1211 Quod
989 1135 1042 1194 si
1084 1134 1264 1205 forte,
1297 1135 1666 1215 disponente
1709 1134 2003 1206 Domino,
2035 1134 2361 1213 contingat
2404 1154 2519 1195 nos
2561 1134 2625 1193 in
2670 1134 2808 1195 fate.

348 1240 648 1301 decedere
691 1241 850 1301 citra.
897 1246 1338 1319 autumpnum,
1386 1242 1568 1303 terris
1616 1242 1962 1312 seminatis,
2016 1242 2310 1301 volumus
2358 1240 2524 1321 quod
2566 1241 2810 1304 fructus

350 1346 680 1426 autumpni
729 1346 1050 1426 sequentis
1095 1348 1325 1407 cedant
1376 1346 1443 1406 in
1491 1367 1644 1408 usus
1695 1346 2073 1408 successoris
2113 1347 2315 1407 nostri
2357 1366 2499 1407 cum
2544 1346 2809 1419 carucis,

349 1458 584 1522 staur0,
639 1451 1126 1531 suppellectibus
1179 1452 1258 1513 ad
1307 1453 1618 1513 culturam
1669 1459 1835 1513 terre
1894 1452 2429 1524 convenientibus,
2489 1452 2811 1531 privilegio

351 1557 609 1617 Domini
651 1558 838 1636 Regis
879 1558 1214 1638 Episcopis
1250 1559 1468 1638 Anglie
1512 1579 1811 1619 concesso
1853 1578 1980 1619 non
2024 1559 2351 1629 obstante;
2396 1558 2570 1619 nullo
2612 1559 2813 1619 eciam

351 1669 735 1724 testamento
797 1682 836 1723 a
903 1664 1083 1725 nobis
1146 1666 1483 1745 aliquando
1545 1665 1834 1726 iaciendo
1901 1665 2049 1725 huic
2117 1670 2329 1725 nostre
2398 1664 2807 1737 ordinacioni,

349 1769 682 1842 voluntati,
712 1782 776 1830 et
804 1770 1183 1850 promissi[s]
1223 1771 1677 1851 prejudicante.
1762 1771 2071 1831 Volumus
2100 1772 2299 1831 eciam
2329 1780 2393 1831 et
2422 1770 2807 1844 ordinemus,

349 1882 658 1954 quantum
687 1875 752 1933 in
782 1875 963 1935 nobis
991 1882 1105 1947 est,
1140 1882 1208 1936 ut
1242 1895 1461 1937 omnes
1495 1896 1887 1937 successores
1926 1877 2143 1947 nostri,
2176 1877 2368 1937 futuri
2399 1876 2697 1956 Episcopi
2740 1876 2809 1937 in

350 1979 640 2042 Ecclesia
663 1980 1052 2052 Herefordie,
1076 1981 1157 2042 ad
1185 1982 1391 2043 simile
1420 1982 1792 2043 beneficium
1822 1983 2007 2062 quale
2037 2002 2075 2043 e.
2105 1983 2283 2043 nobis
2313 1982 2597 2043 relictum
2620 1983 2810 2043 fuerit

350 2086 806 2166 imperpetuum
853 2085 1224 2165 obligentur.
1333 2088 1418 2147 Et
1456 2087 1530 2151 ,in
1581 2088 1773 2166 hujus
1820 2088 1910 2149 rei
1959 2088 2389 2147 testimonium
2437 2088 2697 2148 Decano
2748 2094 2811 2149 et

351 2192 642 2271 Capitulo
671 2198 887 2253 nostro
918 2193 1366 2254 Herefordensi
1397 2194 1642 2254 litteras
1671 2194 1789 2254 has
1818 2201 2110 2272 patentes
2140 2192 2500 2265 direximus,
2527 2193 2809 2255 volentes

351 2305 414 2358 et
455 2309 746 2377 petentes
787 2305 856 2359 ut
900 2298 978 2359 ab
1022 2299 1240 2360 eodem
1285 2299 1576 2379 Capitulo
1616 2300 1735 2361 hec
1777 2306 1993 2360 nostra
2030 2298 2351 2359 ordinacio
2379 2300 2807 2360 confirmetur.

352 2405 590 2465 Datum
633 2424 800 2465 anno
838 2406 1095 2466 Domini
1125 2406 1567 2467 M⁰GC⁰XXX⁰
1594 2406 1699 2485 vij,
1732 2425 1949 2467 mense
1978 2406 2170 2466 Maio.
2258 2406 2394 2465 Nos
2421 2406 2613 2486 igitur
2639 2402 2835 2485 piam¹

347 2509 545 2589 ipsius
583 2512 791 2572 Patris
828 2511 1220 2572 Venerabilis
1257 2532 1332 2572 ac
1368 2511 1746 2573 laudabilem
1788 2512 2181 2573 voluntatem
2221 2511 2709 2583 consideranteS,
2747 2517 2811 2572 et

347 2618 817 2678 concessionem
847 2623 909 2677 et
937 2618 1409 2678 ordinacionem
1438 2618 1576 2696 ejus
1619 2637 1807 2698 super
1834 2617 2156 2696 premissis
2185 2617 2477 2679 omnibus
2504 2623 2711 2679 ratem
2742 2622 2806 2678 et

344 2730 588 2801 gratam
631 2723 958 2795 habentes,
991 2743 1152 2795 eam,
1185 2725 1350 2785 sicut
1392 2724 1746 2803 predictum
1788 2730 1907 2796 est,
1937 2724 2215 2803 presenti
2257 2724 2491 2803 scripto
2525 2730 2589 2783 et
2619 2723 2805 2802 sigilli

343 2830 541 2891 nostri
583 2830 931 2891 munimine
973 2829 1438 2891 confirmamus.
1545 2831 1784 2891 Datum
1835 2850 2003 2891 anno
2053 2831 2311 2891 Domini
2364 2830 2805 2893 M⁰CO⁰XXX⁰

342 2934 630 3015 septimo,
663 2954 878 2996 mense
920 2934 960 2996 J
965 2934 1134 2996 uni0.

341 3226 484 3287 Dec.
528 3230 587 3298 1,
630 3226 1159 3305 1279.—Request
1205 3232 1262 3286 to
1315 3226 1412 3287 the
1459 3225 1627 3303 Κώης
1680 3232 1738 3286 to
1778 3226 1913 3304 qive
1954 3226 2159 3286 orders
2190 3227 2299 3304 for
2342 3224 2440 3285 the
2480 3225 2701 3285 release
2741 3225 2813 3300 of

584 3308 811 3368 Robert
855 3308 906 3367 le
955 3308 1159 3385 Wyne,
1202 3307 1334 3367 who
1374 3326 1499 3367 was
1542 3306 2093 3367 excommunicated
2137 3306 2264 3365 and
2306 3304 2679 3385 imprisoned

583 3388 726 3448 writ
754 3389 823 3467 of
857 3396 1054 3449 arrest
1095 3390 1255 3468 after
1295 3387 1621 3448 continued
1662 3398 2037 3465 contumacy,
2084 3387 2189 3447 but
2230 3386 2287 3447 is
2328 3406 2461 3446 now
2503 3386 2709 3447 absolv
2789 3432 2803 3447 .

504 3570 638 3630 Pno
705 3586 1233 3630 nnmsnmcxoss
1311 3585 1742 3629 ΙΝοΑΒοΕΒΑΤΙ
1824 3568 2803 3630 Assonun.—-Excellentissimo

338 3674 614 3754 Principi
665 3675 939 3736 Domino
989 3692 1103 3735 suo
1151 3676 1217 3733 in
1268 3674 1522 3735 Christo
1562 3673 1913 3746 karissimo,
1968 3673 2242 3734 Domino
2302 3673 2633 3745 Edwardo,
2682 3672 2803 3733 Dei

337 3780 548 3859 gracia
596 3780 750 3859 Regi
799 3780 1018 3858 Anglie
1069 3779 1330 3852 Illustri,
1377 3780 1649 3840 Domino
1695 3779 2038 3857 Hybernie,
2084 3786 2147 3841 et
2192 3780 2356 3841 Duci
2398 3780 2798 3859 Aquitannie,

337 3886 631 3959 Thomas,
696 3894 841 3957 etc„
902 3890 1182 3965 perstem
1243 3884 1325 3945 ad
1379 3885 1677 3965 obsequia
1732 3885 2147 3947 voluntatem.
2256 3885 2417 3948 Cum
2486 3885 2801 3947 Robertus

336 3992 543 4053 dictus
582 3993 640 4053 le
668 3991 896 4072 Wyne,
927 3993 1005 4054 de
1047 3991 1353 4053 comitatu
1387 3991 1772 4062 Herefordie‚
1804 3993 1972 4052 ultra
2007 3991 2067 4051 xl
2098 3992 2231 4053 dies
2268 3991 2336 4053 in
2374 3993 2799 4053 excommuni-

336 4099 535 4160 cionis
564 4099 886 4161 sentencie.
913 4119 1340 4179 perseverans,
1362 4099 1445 4160 ad
1474 4105 1762 4178 rogatum
1787 4098 2073 4159 Ecclesie
2091 4118 2202 4177 per
2228 4104 2504 4159 vestram
2519 4098 2800 4159 litteram

334 4206 650 4284 capcionis
680 4207 744 4267 in
775 4206 999 4267 Castro
1032 4205 1401 4267 Herefordie
1428 4205 1660 4265 carceri
1691 4204 2090 4283 mancipatus
2119 4203 2326 4276 fuerit,
2359 4224 2434 4265 ac
2462 4204 2528 4264 in
2551 4223 2800 4265 carcere

335 4310 660 4391 hucusque
703 4312 1017 4382 detentae,
1051 4311 1196 4373 licet
1239 4311 1516 4371 existens
1559 4310 1624 4369 in
1665 4329 1914 4370 carcere
1956 4311 2021 4369 in
2063 4310 2266 4370 forme.
2303 4309 2459 4388 juris
2501 4309 2801 4372 canonice

333 4417 616 4478 extiterit
659 4416 1024 4487 absolutum
1071 4426 1346 4477 vestram
1390 4416 1858 4475 Excellenciam
1901 4415 1965 4473 in
2014 4414 2288 4475 Domino
2330 4414 2703 4495 requirimus
2737 4420 2801 4475 et

335 4542 628 4603 rogemus
662 4523 960 4602 quatinus
987 4522 1356 4583 Vicecomiti
1393 4521 1764 4582 Herefordie
1796 4540 1907 4599 per
1944 4520 2131 4581 breve
2164 4518 2558 4580 liberacionis
2586 4519 2794 4580 velitis

333 4630 651 4709 precipere
694 4628 859 4708 quod
902 4628 1170 4690 eundem
1216 4628 1560 4688 Bobertum
1602 4628 1660 4687 le
1690 4625 1917 4704 Wyne,
1949 4626 2028 4686 ab
2070 4625 2432 4704 hujusmodi
2471 4623 2798 4686 sentencia

337 4733 698 4795 absolutum
747 4742 811 4794 et
860 4733 1283 4793 communioni
1335 4732 1621 4793 Ecclesie
1663 4732 2051 4804 restitutum,
2075 4729 2306 4791 ‘liberet
2360 4749 2398 4791 a.
2442 4749 2689 4791 carcere
2735 4736 2801 4791 et

461 4871 574 4911 1-Α
598 4868 782 4911 similar
809 4867 1104 4911 benefaction
1131 4881 1235 4911 was
1261 4868 1398 4910 made
1426 4869 1486 4915 by
1513 4869 1654 4909 Peter
1686 4867 1773 4907 des
1810 4866 2007 4913 Roches,
2039 4866 2217 4913 Bishop
2242 4864 2292 4907 of
2316 4865 2631 4911 winchester,
2660 4864 2808 4907 about

328 4933 414 4975 the
440 4944 575 4975 same
601 4933 741 4979 time:
769 4943 816 4973 v.
847 4932 1064 4979 Resistet·
1090 4931 1140 4973 of
1164 4933 1288 4973 John
1315 4932 1372 4973 de
1401 4930 1620 4977 Sandale.
1650 4943 1693 4977 ρ.
1721 4932 1811 4971 831.
1864 4929 2045 4973 (Hants
2074 4928 2253 4971 Record
2283 4925 2503 4975 society).
