3459 5617
305 1667 403 1711 Fol.
430 1670 469 1710 2.

598 462 636 519 4
1253 462 1612 542 chistrum
1669 464 1890 525 Thome
1944 464 2019 525 de
2077 464 2410 545 Cantilupo

591 695 950 764 promptam
993 687 1072 747 ad
1114 688 1510 767 beneplacita
1552 689 1968 751 voluntatem.
2052 690 2495 751 venerabilem
2535 696 2745 751 cetum
2776 700 3059 751 vestrum

590 789 779 875 cur[i]
793 792 974 853 aliter
1028 792 1467 873 requirendum
1525 794 1821 856 duximus
1876 803 1939 856 et
1995 795 2340 875 rogandum
2400 803 2470 856 ut
2528 796 2790 857 dilectos
2832 796 3061 858 fratres

590 904 860 971 nostros,
919 917 1028 960 eos
1083 900 1390 971 videlicet,
1447 902 1553 981 qui
1625 921 1813 981 super
1867 901 2249 963 decanatum
2321 903 2736 973 contendunt,
2795 909 2859 964 et
2918 920 3061 982 pro-

587 1012 912 1066 curatores
953 1006 1255 1086 ipsorum,
1300 1008 1676 1069 auctoritate
1719 1014 1937 1068 nostra
1980 1028 2233 1068 monere
2278 1016 2343 1069 et
2385 1006 2723 1069 efficaciter
2762 1008 3059 1069 inducere

587 1112 890 1172 curaretis
933 1118 1002 1172 ut
1045 1132 1221 1173 arma
1261 1112 1551 1174 decetero
1605 1113 1961 1174 adinvicem
2010 1132 2134 1173 non
2192 1118 2533 1185 moverent,
2579 1131 2695 1173 nec
2748 1132 2861 1192 per
2906 1131 3056 1174 suos

585 1218 819 1277 moveri
877 1218 1333 1296 permitterent,
1379 1240 1496 1281 nec
1553 1219 1789 1298 aliquid
1844 1219 2123 1280 facerent
2183 1239 2260 1280 ex
2317 1240 2442 1300 quo
2490 1228 2749 1298 possent
2799 1218 3061 1280 iminere

581 1322 860 1401 pericula
917 1343 1246 1402 corporum
1303 1332 1414 1385 aut
1473 1325 1672 1386 eciam
1732 1325 2106 1396 animarum,
2160 1334 2260 1386 set
2316 1326 2594 1404 aliquam
2666 1325 2745 1385 de
2799 1324 3064 1385 consilio

585 1432 930 1491 amicorum
988 1431 1256 1491 formam
1318 1431 1720 1510 providerent
1777 1432 2090 1511 ydoneam
2150 1440 2214 1492 et
2278 1432 2633 1505 honestam,
2682 1452 2794 1511 per
2854 1450 3047 1512 quam

584 1536 787 1597 clerus
843 1546 906 1596 et
961 1535 1230 1615 populus
1286 1536 1560 1597 civitatis
1615 1542 1680 1596 et
1736 1536 2081 1597 decanatus
2134 1536 2391 1616 pacifice
2447 1536 2575 1615 regi
2626 1543 2860 1615 posset.
2966 1536 3053 1597 Et

587 1641 734 1702 licet
775 1642 999 1720 prefati
1043 1642 1498 1704 contendentes
1538 1644 1605 1703 in
1649 1643 1853 1704 forma
1898 1642 2178 1722 predicta
2218 1662 2330 1722 per
2370 1661 2489 1704 nos
2533 1644 2753 1705 moniti
2795 1644 3047 1717 fuerint,

583 1754 655 1809 ut
723 1747 1099 1826 accepimus,
1171 1754 1233 1809 et
1300 1748 1563 1821 inducti,
1609 1749 1729 1828 ipsi
1801 1754 2015 1808 tamen
2093 1747 2587 1821 accumulantes,
2662 1755 2734 1809 ut
2803 1748 3051 1820 dicitur,

582 1853 810 1915 cotidie
867 1854 1038 1914 mala
1096 1855 1299 1927 malis,
1344 1856 1576 1935 populo
1636 1864 1700 1915 et
1756 1853 1922 1915 clero
1978 1853 2348 1915 scandalum
2404 1874 2653 1933 semper
2708 1854 2915 1932 majus
2972 1872 3047 1914 ac

582 1958 790 2037 majus
851 1959 1115 2020 iniciunt
1177 1960 1328 2021 dum
1395 1980 1558 2020 unus
1621 1960 1815 2019 alium
1884 1966 1948 2019 et
2011 1965 2287 2031 econtra,
2350 1978 2426 2019 ac
2485 1978 2700 2019 eorum
2766 1958 3051 2040 quilibet,

581 2065 859 2127 fautores
914 2065 1175 2128 alterius
1228 2066 1755 2137 excommunicat,
1812 2065 2201 2127 incessanter
2263 2064 2607 2125 amicorum
2676 2084 2796 2126 usu
2856 2084 2925 2125 se
2988 2072 3055 2125 et

581 2172 699 2233 sibi
741 2172 1045 2242 faventeS,
1091 2193 1218 2233 non
1273 2172 1509 2252 absque
1552 2171 1859 2251 sacrilegii
1901 2171 2177 2246 crimine,
2221 2170 2669 2250 impugnando.
2778 2172 2879 2230 Ex
2920 2189 3047 2250 quo

581 2280 809 2340 accidit
878 2278 1046 2359 quod
1113 2278 1459 2339 auctoritas
1529 2278 1812 2339 Ecclesie
1879 2277 2303 2356 vilipenditur,
2378 2296 2495 2337 nec
2571 2276 2649 2337 de
2721 2276 3042 2337 sacerdote

581 2392 840 2444 curatur
882 2383 1152 2463 amplius
1192 2402 1384 2462 quam
1427 2382 1504 2443 de
1547 2402 1784 2444 scurra.
1888 2382 1975 2442 Et
2030 2392 2239 2461 potest
2283 2381 2691 2461 probabiliter
2732 2381 3051 2442 formidari

582 2489 748 2568 quod
790 2490 855 2548 in
897 2507 974 2550 ea
1008 2487 1265 2549 civitate
1302 2487 1467 2548 infra
1503 2487 1687 2548 breve
1727 2499 1978 2566 tempus
2017 2488 2198 2547 multi
2238 2487 2398 2547 fiant
2435 2486 2618 2567 quasi
2657 2487 2936 2558 heretici,
2980 2488 3046 2547 in

577 2613 705 2675 qua
761 2594 933 2672 prius
989 2592 1238 2653 fuerant
1295 2591 1439 2653 boni
1511 2598 1574 2652 et
1646 2592 1907 2653 stabiles
1975 2591 2336 2653 Christiani.
2444 2592 2611 2668 Quid
2664 2592 2757 2652 illi
2818 2591 3045 2652 dicturi

577 2709 762 2761 erunt
829 2698 936 2778 qui
1005 2697 1522 2758 contencionibus
1591 2706 1654 2758 et
1720 2697 2026 2776 exemplis
2097 2697 2279 2758 malis
2364 2702 2460 2758 tot
2538 2696 2915 2776 precipitant
2983 2698 3051 2757 in

579 2824 870 2877 errorem,
915 2812 1136 2865 contra
1179 2823 1335 2884 quos
1373 2804 1606 2865 clamat
1652 2803 1735 2864 ad
1793 2804 1999 2863 Deum
2044 2802 2120 2864 de
2171 2809 2341 2864 terra
2381 2803 2637 2882 sanguis
2678 2803 3051 2863 afflictorum

577 2920 643 2973 et
700 2910 1205 2990 delinquencium
1267 2909 1682 2971 subditorum.
1787 2909 1931 2970 Non
1989 2908 2324 2969 attendunt
2366 2909 2533 2988 quod
2591 2915 2687 2969 tot
2743 2908 3051 2970 mortibus

577 3017 752 3096 digni
813 3028 962 3077 sunt
1023 3023 1176 3096 quot
1245 3015 1620 3094 perdicionis
1684 3015 1973 3093 exempla
2042 3014 2121 3075 ad
2194 3014 2480 3076 subditos
2542 3016 3047 3075 transmiserunt.

577 3122 732 3193 Nos,
777 3122 884 3203 qui
925 3140 1141 3182 curam
1185 3122 1472 3181 dictorun
1516 3121 1904 3198 litigatorum
1948 3140 2022 3181 ac
2064 3121 2213 3181 cleri
2254 3129 2318 3180 et
2363 3119 2577 3199 populi
2621 3140 2660 3180 a
2704 3120 3033 3198 Super-iore

572 3230 940 3307 recepimus,
999 3246 1111 3307 pro
1170 3227 1486 3287 scandalis
1549 3236 1612 3286 et
1672 3226 2158 3287 enormitatibus
2221 3226 2598 3304 supradictis
2665 3225 2824 3286 adeo
2888 3244 3032 3286 con-

575 3336 903 3396 tristamur
965 3334 1152 3414 quod,
1216 3333 1470 3415 quando
1533 3333 1613 3394 ad
1677 3333 2045 3394 memoriam
2110 3352 2185 3393 ea
2244 3333 2519 3412 perfecte
2576 3332 2949 3404 reducimus,
3001 3352 3042 3393 a

576 3440 732 3501 fletu
801 3460 926 3501 non
996 3457 1334 3520 possumus
1417 3439 1728 3500 interioris
1812 3439 2085 3500 hominis
2162 3441 2503 3500 continere.
2630 3438 2759 3499 Vos
2826 3438 3041 3519 itaque

576 3548 778 3613 tocius
847 3548 1050 3608 cordis
1118 3548 1429 3608 instancia
1501 3546 1733 3607 iterato
1799 3546 2173 3626 requirimus
2236 3556 2301 3607 et
2364 3564 2657 3624 rogamus
2719 3546 3039 3625 quatinus,

579 3652 876 3732 predictis
917 3652 1334 3732 litigatoribus
1374 3662 1436 3712 et
1481 3651 1751 3713 subditis
1792 3652 1895 3731 pio
1937 3650 2263 3712 nobiscum
2300 3652 2767 3729 compacientes
2796 3650 3043 3723 affectu,

576 3758 746 3837 ipsos
787 3758 1239 3818 contendentes
1281 3776 1498 3837 rogare
1541 3778 1795 3818 monere
1825 3758 2031 3818 velitis
2073 3767 2137 3819 et
2179 3757 2474 3818 inducere
2510 3776 2654 3818 cum
2694 3756 2940 3829 effectu,
2971 3765 3043 3818 ut

576 3863 657 3925 ab
697 3862 1473 3935 excommunicacionibus,
1525 3863 2110 3943 impugnacionibus
2163 3863 2475 3935 violentis,
2516 3873 2580 3924 et
2631 3863 2771 3925 aliis
2816 3883 3033 3943 gravaÎ‡

575 3969 850 4030 minibus
894 3969 1148 4041 mutuis,
1193 3989 1270 4029 ex
1313 3969 1540 4048 quibus
1583 3970 1884 4030 scandala
1933 3970 2241 4041 oriuntur,
2292 3969 2411 4030 Dei
2454 3974 2518 4029 et
2564 3969 2795 4031 Sancte
2840 3971 3040 4031 Maris

575 4082 835 4154 patrone
891 4082 1103 4135 nostre
1160 4074 1417 4146 intuitu,
1477 4082 1542 4134 et
1591 4082 1810 4135 nostra
1863 4085 2063 4153 parte,
2117 4074 2451 4147 desistant,
2504 4082 2575 4135 ut
2634 4076 2923 4138 Ecclesia
2976 4085 3042 4138 et

578 4180 814 4242 Civitas
872 4180 998 4240 sint
1055 4180 1123 4238 in
1175 4199 1346 4258 pace,
1391 4188 1454 4239 et
1519 4199 1597 4240 ne
1660 4198 1777 4241 nos
1839 4180 2005 4241 circa
2064 4180 2373 4259 premissa
2430 4199 2687 4241 manum
2744 4200 3044 4260 cogamur

577 4304 890 4364 apponere
958 4284 1323 4363 graviorem.
1450 4284 1616 4359 Quid
1684 4294 1899 4347 autem
1972 4305 2157 4365 super
2227 4286 2551 4365 premissis
2622 4287 2911 4360 feceritis,
2976 4300 3043 4349 et

574 4390 842 4469 qualiter
895 4390 1045 4450 dicti
1102 4390 1446 4469 litigatores
1504 4390 1676 4452 vobis
1734 4391 2189 4471 responderint,
2244 4398 2308 4453 et
2366 4392 2641 4472 qualiter
2694 4396 3042 4457 consulatis

572 4495 739 4575 quod
793 4495 1058 4556 ulterius
1119 4496 1530 4574 procedamus
1600 4496 1651 4556 si
1709 4496 1942 4557 nostris
1999 4497 2456 4559 monicionibus
2512 4518 2624 4577 per
2685 4518 2797 4560 vos
2853 4500 3041 4561 factis

572 4620 792 4679 parere
847 4602 1358 4678 contempserint,
1404 4600 1583 4663 nobis
1638 4622 1750 4680 per
1805 4602 2050 4664 litteras
2093 4611 2335 4665 vestras
2390 4604 2656 4665 fideliter
2710 4605 3035 4667 intimetis.

574 4705 858 4766 Valeatis
913 4705 977 4765 in
1029 4705 1301 4766 Domino
1354 4706 1394 4767 J
1399 4726 1509 4768 esu
1567 4708 1841 4769 Christo.
1963 4709 2205 4769 Datum
2264 4710 2431 4788 apud
2494 4710 2892 4791 Prestebury,
2948 4711 3036 4791 iiij

574 4811 730 4872 Idus
786 4812 1072 4890 Augusti,
1125 4831 1291 4872 anno
1335 4812 1588 4873 Domini
1633 4812 2100 4875 Mâ°CGâ°LXXâ°
2144 4816 2383 4896 quintoÎ‡
