3459 5617
45 3474 158 3519 Fol.
186 3474 264 3516 sb.

1163 487 1466 567 Episcopi
1520 487 2003 567 Hercsordensis.
2738 488 2814 549 15

347 713 606 773 modum
635 712 1026 785 faciendum;
1072 731 1259 791 super
1299 712 1526 792 quibus
1566 712 1859 773 omnibus
1886 720 1951 773 et
1993 712 2253 791 singulis
2299 732 2426 772 non
2466 712 2811 773 sufficimus

349 819 662 890 admirari,
734 839 870 891 nec,
929 820 982 880 si
1050 818 1331 897 juratum
1399 823 1568 880 esset
1637 819 1838 891 nobis,
1910 819 2162 879 credere
2234 838 2574 897 possumus
2643 817 2808 898 quod

347 924 709 1002 hujusmodi
737 924 1101 1003 gravamina
1128 925 1205 984 de
1233 933 1444 985 vestra
1471 924 1867 986 consciencia
1888 934 2280 986 emanarent.
2369 926 2498 987 Vos
2526 925 2716 1003 igitur
2742 924 2809 985 in

345 1049 533 1111 quem
552 1036 692 1091 tota
703 1035 923 1091 nostra
932 1029 1164 1091 fiducia
1173 1040 1272 1091 est
1293 1036 1356 1091 et
1375 1030 1515 1102 fuit,
1537 1030 1895 1091 deliberetis
1906 1042 1969 1091 et
1982 1030 2161 1091 ordin
2171 1029 2292 1091 etis
2305 1030 2358 1090 si
2371 1031 2597 1109 placet,
2618 1030 2806 1109 quod,

342 1136 656 1196 erroribus
684 1136 896 1197 saltim
924 1136 1087 1197 sicut
1116 1143 1412 1215 poterunt
1447 1137 1774 1207 revocat-is,
1806 1156 2003 1217 usque
2033 1137 2113 1197 ad
2147 1143 2431 1198 nostrum
2463 1137 2809 1197 adventum

341 1242 407 1303 in
425 1242 597 1304 brevi
616 1242 998 1315 Londonias,
1018 1244 1231 1303 omnia
1250 1249 1421 1304 stent
1438 1243 1504 1303 in
1521 1262 1698 1323 pace,
1719 1263 1908 1323 quam
1926 1263 2115 1323 super
2132 1245 2347 1303 omnia
2365 1249 2803 1323 preoptamus;

341 1348 433 1409 ita
460 1348 628 1427 quod
658 1353 864 1410 status
907 1354 1120 1409 noster
1160 1350 1432 1421 interim,
1479 1350 1532 1411 si
1575 1350 1798 1428 placet,
1844 1356 2247 1411 conservetur
2283 1349 2517 1421 illesus,
2563 1351 2808 1411 nullum

343 1454 758 1537 prejudicium
790 1456 970 1517 nobis
997 1456 1132 1527 fiat,
1163 1462 1227 1516 et
1257 1428 1423 1536 quod
1445 1457 1733 1518 Ballivus
1761 1462 1974 1517 noster
2002 1458 2080 1517 de
2102 1456 2287 1517 rebus
2310 1456 2544 1516 nostris
2572 1456 2803 1516 ibidem

342 1561 426 1622 ad
495 1562 894 1622 commodum
962 1570 1251 1622 nostrum
1318 1562 1529 1624 valeat
1584 1563 1892 1635 ordinare,
1966 1576 2029 1623 et
2098 1564 2164 1622 in
2234 1571 2453 1623 nostro
2527 1562 2804 1623 adventu

339 1672 685 1728 tractemus
733 1668 1083 1728 adinvicem
1127 1668 1180 1729 si
1221 1669 1564 1740 volueritis,
1609 1669 1776 1748 quod
1818 1669 2092 1729 finaliter
2132 1669 2265 1729 fieri
2309 1668 2536 1728 debeat
2578 1688 2642 1727 1n
2687 1668 2809 1728 hac

339 1778 539 1852 parte.
667 1773 813 1833 Non
868 1778 966 1833 est
1019 1774 1189 1833 enim
1259 1752 1486 1854 aliquis
1553 1775 2076 1855 Archiepiscopus
2145 1781 2254 1835 aut
2326 1774 2681 1854 Episcopus
2739 1774 2804 1834 in

345 1878 588 1957 Anglia,
619 1879 720 1940 vel
748 1878 909 1939 alius
935 1880 1002 1938 in
1027 1878 1165 1957 jure
1193 1881 1455 1959 peritus,
1487 1880 1609 1940 nisi
1638 1900 1712 1940 ex
1738 1900 1933 1941 causa
1952 1881 2316 1941 racionabili
2348 1880 2428 1942 sit
2452 1886 2801 1959 suspectae,

341 1985 444 2045 cui
485 2004 612 2044 non
654 1994 984 2065 possemu's
1027 1986 1105 2065 (si
1147 1986 1519 2047 haberemus
1562 1988 1843 2065 necesse)
1880 2007 2230 2066 supponere
2266 2006 2383 2047 nos
2412 1987 2494 2047 ad
2524 1986 2807 2066 judican-

343 2092 492 2152 dum
521 2112 632 2171 per
659 2093 873 2153 omnia
900 2092 1200 2171 scriptum
1230 2099 1538 2153 nostrum.
1629 2094 1694 2155 Si
1730 2113 1875 2154 vero
1916 2114 2029 2173 pro
2072 2095 2284 2175 aliquo
2327 2102 2549 2173 rogatu
2591 2099 2809 2155 nostro

342 2196 496 2257 dicti
551 2216 792 2258 errores
847 2216 973 2257 non
1030 2198 1262 2258 fuerint
1316 2198 1615 2270 revocati,
1660 2200 1898 2260 moveri
1938 2218 2068 2259 non
2112 2200 2373 2270 debetiS,
2432 2218 2550 2259 nec
2607 2200 2806 2259 eciam

343 2302 662 2374 admirari,
683 2302 735 2363 si
751 2302 855 2380 jus
877 2310 1166 2364 nostrum
1187 2323 1640 2383 prosequamur
1661 2305 1728 2363 in
1746 2303 1950 2365 forma
1967 2324 2094 2383 qua
2110 2305 2453 2366 viderimus
2474 2305 2765 2383 expedire
2786 2324 2803 2376 ;

343 2408 512 2488 quod
554 2414 790 2479 tamen,
836 2414 906 2468 ut
936 2409 1172 2479 sciatiS,
1217 2418 1440 2470 contra
1481 2429 1592 2471 vos
1635 2412 1907 2471 maxime
1950 2410 2255 2472 faciemus
2297 2412 2497 2472 inviti.
2584 2414 2809 2475 Valete

347 2532 458 2593 per
487 2520 773 2593 tempora
801 2514 1119 2575 diuturna.

347 2771 510 2849 Sept.
555 2772 1148 2831 26.—In3t·ructions
1195 2778 1252 2831 to
1296 2771 1549 2832 bankers
1595 2772 1666 2851 of
1698 2772 1909 2833 Lacca
1954 2780 2011 2833 to
2056 2774 2322 2853 transfer
2360 2774 2707 2834 documenta*
2752 2781 2812 2834 to

591 2852 687 2912 the
742 2852 1028 2931 Bishop’s
1075 2852 1356 2912 Proctors
1403 2853 1528 2912 and
1575 2860 1650 2913 to·
1681 2854 1823 2913 hold
1868 2853 1941 2913 in
1978 2874 2205 2915 reservo
2260 2875 2435 2915 seven
2487 2855 2692 2915 marks
2752 2861 2811 2915 to

592 2934 658 2993 be
685 2934 833 2993 used
861 2954 930 2993 as
963 2933 1033 2993 he
1059 2954 1200 3011 ‘may
1231 2932 1441 2993 direct.

511 3078 1032 3139 Mnnosmonmus
1077 3076 1754 3138 Lemma—Thomas
1797 3079 1874 3138 de
1919 3078 2276 3157 Cantilupo,
2331 3088 2475 3149 etc„
2522 3080 2812 3140 Bandino

347 3192 413 3245 et
442 3184 628 3245 sociis
653 3184 802 3256 suis,
828 3184 1284 3245 mercatoribus
1306 3184 1604 3256 Lucanis,
1627 3184 1694 3243 in
1725 3184 1917 3245 Curia
1944 3185 2232 3246 Romana
2253 3188 2807 3259 commorantibus,

352 3290 643 3361 salutem,
675 3295 792 3350 etc.
879 3289 1318 3350 Intelleximus
1360 3290 1526 3369 quod
1569 3290 1894 3351 Johannes
1938 3290 2015 3350 de
2046 3291 2246 3362 Clare,
2282 3291 2545 3351 clericus
2574 3298 2807 3364 noster,

351 3397 414 3452 et
443 3393 741 3471 magister
769 3393 1018 3453 Bardus
1049 3394 1126 3454 de
1155 3394 1353 3454 Pedio
1381 3393 1644 3465 Bonisii‚
1677 3400 1830 3454 tunc
1859 3394 2237 3454 Procurator
2264 3402 2477 3455 noster
2504 3396 2568 3455 in
2599 3396 2809 3469 Curia,

350 3499 417 3559 in
459 3520 708 3561 recessu
752 3500 828 3560 de
872 3501 1229 3579 Lugdun0,¹
1269 3520 1629 3580 processum
1676 3500 2005 3579 cujusdam
2049 3520 2237 3562 cause
2280 3521 2470 3579 quam
2512 3503 2577 3561 in
2622 3503 2813 3564 Curia

351 3606 688 3667 habuimus
734 3607 910 3668 vobis
959 3607 1371 3679 tradiderunt,
1428 3607 1909 3668 custodiendum
1960 3614 2022 3667 et
2079 3607 2537 3669 restituendum
2596 3618 2812 3672 nostro

353 3713 750 3774 Procuratori
819 3714 1097 3792 legitimo
1161 3714 1243 3774 ad
1308 3714 1564 3774 Curiam
1631 3713 1928 3775 venienti.
2057 3715 2192 3775 Nos
2263 3717 2450 3792 igitur
2509 3717 2808 3777 dilectum

351 3828 637 3880 nostrum
696 3819 1064 3898 magistrum
1122 3819 1531 3880 Edmundum
1589 3820 1666 3879 de
1723 3820 2078 3881 Warefelde
2122 3821 2470 3900 legitimum
2522 3829 2808 3883 nostrum

352 3925 826 3986 Procuratorem
869 3926 952 3985 ad
993 3926 1248 3987 Curiam
1292 3925 1704 3998 destinantes,
1751 3946 1863 3987 vos
1906 3944 2197 4004 rogamus
2241 3934 2480 3988 attente
2510 3929 2811 4008 quatinus

352 4030 589 4091 dictum
617 4052 980 4111 processum
1013 4032 1260 4111 prefato
1297 4032 1658 4104 EdmundO,
1699 4052 1844 4092 cum
1880 4034 1961 4093 ad
1996 4053 2106 4093 vos
2144 4035 2385 4095 venerit
2420 4054 2532 4113 pro
2565 4036 2806 4107 eodem,

351 4136 648 4198 liberetis.
735 4138 829 4198 Ad
874 4138 990 4198 hec
1032 4138 1113 4216 vij
1159 4158 1407 4198 marcas
1450 4138 1911 4217 sterlingorum,
1957 4158 2113 4217 quas
2155 4160 2231 4199 ex
2273 4139 2614 4200 tradicione
2656 4140 2809 4201 dicti

350 4244 662 4306 Johannis
696 4246 774 4305 de
809 4245 992 4306 Clare
1027 4264 1222 4323 penes
1264 4266 1378 4307 vos
1415 4246 1687 4317 habetiS,
1729 4246 1897 4306 unde
1942 4252 2219 4307 vestram
2262 4246 2536 4307 litteram
2566 4248 2807 4327 optine-

352 4371 512 4424 mus,
559 4353 624 4412 in
667 4352 954 4431 deposito
997 4353 1269 4413 teneatis
1311 4371 1635 4431 quousque
1685 4372 1795 4413 eas
1839 4352 1919 4412 ad
1962 4352 2170 4432 aliqua
2210 4354 2471 4431 negocia
2512 4354 2575 4413 in
2622 4354 2810 4415 Curia

351 4459 901 4539 assignaverimus,
959 4466 1022 4518 et
1078 4459 1156 4517 de
1212 4458 1574 4538 hujusmodi
1628 4457 2058 4535 assignacione
2100 4477 2211 4535 per
2266 4464 2511 4519 nostras
2566 4460 2809 4520 litteras

351 4565 527 4627 vobis
570 4571 838 4625 constet.
939 4564 1184 4625 Valete.
1275 4564 1512 4624 Datum
1557 4563 1977 4642 Shyreburne,
2023 4564 2084 4641 vj
2133 4564 2455 4625 Kalendas
2494 4566 2806 4638 Octobris,

352 4691 519 4732 anno
563 4671 823 4732 Domini
863 4669 1324 4732 M0GC0LXX0
1366 4669 1606 4750 quinto.

1098 4920 1306 4963 l—After
1321 4922 1406 4963 the
1426 4921 1607 4963 Second
1625 4922 1819 4963 Council
1837 4921 1887 4964 of
1906 4924 2077 4970 Lyons.
