3459 5617
635 503 749 560 114
1293 500 1648 579 Reqistrum
1706 502 1925 561 Therme
1979 502 2052 562 de
2113 500 2444 579 Cantilupo

622 733 721 785 est
764 726 949 805 quod,
983 727 1249 786 durante
1292 726 1701 785 contencione
1745 726 2130 785 lamentabili
2175 726 2342 785 inter
2382 725 2750 803 magistrum
2791 724 3102 802 Egidium

626 830 703 890 de
772 832 1111 909 Aunebury
1170 837 1233 891 et
1303 830 1627 891 dominum
1697 831 1738 893 J
1761 832 2122 909 [ohannem]
2200 831 2278 891 de
2337 834 2518 910 Aqua
2585 830 2830 892 Blanca
2903 848 3106 907 super

621 937 939 996 decanatu
1014 938 1297 997 Ecclesie
1366 945 1599 1006 nostre,
1666 936 2067 997 extendente¹
2141 935 2307 995 inter
2377 935 2777 1014 quamplures
2853 940 3110 995 vestros

623 1043 913 1103 concives
976 1043 1223 1103 racione
1288 1044 1596 1102 dictorum
1660 1042 2046 1120 litigancium
2111 1042 2291 1122 quasi
2366 1041 2637 1120 quadam
2709 1039 3104 1100 adherencia

620 1168 765 1207 cum
812 1148 1127 1226 predictis,
1179 1156 1391 1208 exorte
1448 1159 1597 1208 sunt
1648 1148 2018 1227 (instigante
2066 1147 2338 1224 diabolo)
2399 1148 2570 1207 varie
2617 1147 3098 1216 contenciones,

622 1264 877 1333 propter
919 1274 1073 1334 quas
1130 1275 1252 1333 pax
1310 1254 1594 1314 Ecclesie
1652 1253 2085 1331 multipliciter
2139 1253 2564 1331 perturbatur,
2610 1250 3102 1329 tranquillitatis

620 1360 800 1420 navis
854 1361 1275 1440 submergitur
1329 1361 1618 1439 procellis
1674 1360 2059 1421 sevientibus
2117 1359 2438 1428 viciorum,
2506 1356 2737 1417 amoris
2807 1364 2877 1415 et
2953 1375 3105 1415 con-

618 1466 827 1527 cordie
868 1468 1117 1527 vinculo
1169 1467 1496 1536 dissoluto,
1540 1466 1665 1525 odii
1714 1466 1914 1526 fornes
1977 1485 2050 1525 ac
2094 1464 2402 1524 discordie
2459 1463 2748 1523 cordibus
2791 1462 3108 1521 inseritur

617 1573 1052 1651 plurimorum,
1112 1576 1235 1651 [ex]
1288 1572 1514 1653 quibus
1564 1572 1853 1632 oriuntur
1903 1571 2254 1631 animarum
2305 1570 2601 1649 pericula,
2649 1588 2720 1629 ac
2769 1568 2946 1628 inter
2991 1586 3107 1628 vos

618 1678 919 1738 scandala
966 1679 1428 1757 quamplurima
1469 1687 1867 1755 generantur,
1914 1677 2187 1736 maxime
2237 1696 2381 1735 cum
2431 1694 2557 1733 non
2608 1674 2900 1734 habeatis
2953 1692 3108 1733 cum

616 1784 846 1844 effectu
889 1784 995 1863 qui
1036 1784 1471 1863 delinquentes
1515 1784 1785 1859 corrigat
1829 1790 1937 1843 aut
1978 1781 2449 1861 querelantibus
2499 1779 2793 1840 exhibeat
2834 1778 3108 1857 justicie

620 1890 1171 1968 complementum.
1282 1889 1415 1949 Nos
1466 1909 1544 1949 ex
1590 1889 1773 1949 officii
1822 1890 2020 1948 nostri
2066 1888 2277 1948 debito
2323 1886 2547 1948 vestris
2593 1885 3104 1954 turbacionibus,

615 1994 1103 2071 gravaminibus,
1154 2001 1217 2053 et
1273 1994 1565 2071 periculis
1623 2005 1888 2072 paterno
1945 1993 2388 2069 conpacientes
2446 1990 2675 2050 affectu
2701 2008 2716 2061 ;
2781 1990 3104 2060 volentes,

618 2106 690 2160 ut
750 2104 1057 2169 tenemur,
1123 2107 1430 2178 quantum
1496 2117 1854 2176 possumus,
1921 2098 2272 2157 animarum
2339 2097 2632 2176 periculis
2701 2095 2962 2156 obviare
3025 2116 3102 2155 ac

615 2206 843 2266 vestris
899 2204 1279 2265 utilitatibus
1340 2205 1710 2284 providere;
1774 2205 1852 2265 de
1904 2205 2166 2264 consilio
2223 2210 2593 2283 magnatum
2651 2208 2716 2262 et
2768 2203 3108 2281 jurisperi-

616 2316 844 2381 torum,
883 2312 1031 2369 dum
1070 2310 1255 2370 durat
1287 2312 1567 2389 predicta
1604 2311 1934 2370 contencio
1972 2310 2138 2368 inter
2171 2308 2226 2367 E
2249 2308 2529 2387 [gidium]
2567 2314 2630 2367 et
2656 2307 2693 2367 J
2719 2306 3104 2385 [ohannem]

615 2422 1018 2487 memoratos,
1065 2418 1435 2476 exercicium
1477 2416 1936 2494 jurisdiccionis
1979 2415 2062 2474 ad
2121 2415 2496 2474 decanatum
2560 2412 3109 2473 Hereiordensem

614 2522 991 2600 pertinentis
1034 2522 1099 2580 in
1142 2542 1369 2581 manus
1428 2528 1681 2581 nostras
1739 2521 2195 2598 assumpsimus
2220 2540 2234 2592 ;
2296 2539 2484 2599 quam
2529 2519 2755 2578 dilecto
2799 2519 2996 2578 nobis
3039 2518 3110 2577 in

617 2626 870 2687 Christo
926 2628 1055 2685 filio
1110 2630 1410 2705 magistro
1467 2628 1701 2705 L[uce]
1755 2626 1832 2686 de
1890 2627 2070 2697 Bree,
2114 2625 2357 2705 prefate
2416 2624 2697 2685 Ecclesie
2742 2624 3104 2695 CanonicO,

612 2732 749 2793 vice
792 2744 854 2792 et
898 2734 1272 2797 auctoritate
1301 2740 1518 2793 nostra
1550 2734 1980 2793 commisimus
2009 2732 2426 2793 exercendam
2462 2731 2592 2791 sive
2629 2732 3102 2809 exequendam,

614 2847 707 2909 ut,
774 2844 1024 2899 servata
1091 2838 1319 2899 Sancte
1394 2839 1621 2899 Matris
1692 2839 1976 2899 Ecclesie
2040 2838 2394 2916 disciplina,
2459 2835 2632 2897 vobis
2697 2835 2876 2916 quies
2949 2857 3107 2897 vera

616 2944 849 3003 mentis
920 2954 983 3002 et
1052 2944 1329 3023 corporis
1388 2950 1451 3004 et
1520 2945 1693 3005 salus
1764 2946 2118 3004 animarum
2191 2945 2256 3003 in
2311 2952 2633 3022 posterum
2693 2956 3104 3021 preparetur.

612 3050 924 3124 Quocirca
988 3069 1098 3110 vos
1169 3052 1340 3111 omni
1411 3072 1536 3131 qua
1606 3070 1944 3130 possumus
2015 3051 2350 3111 affeccione
2423 3070 2715 3129 rogamus
2788 3052 3108 3130 quatinus

614 3155 817 3214 eidem
863 3156 1159 3233 magistro
1216 3157 1489 3235 L[uce],
1537 3158 1670 3217 vice
1726 3168 1945 3217 nostra
2002 3157 2354 3236 predictum
2411 3157 2686 3215 officium
2745 3156 3106 3228 exercenti,

613 3259 937 3320 intendere
966 3262 1191 3331 velitiS,
1225 3270 1524 3341 tanquam
1569 3263 1750 3323 nobis
1793 3263 2123 3323 consilium
2172 3272 2236 3322 et
2279 3264 2582 3323 auxilium
2623 3261 3102 3340 impendendo;

614 3366 1017 3426 attendentes
1078 3367 1243 3445 quod
1309 3368 1388 3427 ad
1451 3368 1685 3427 nullius
1749 3369 1904 3427 lucri
1969 3368 2332 3445 temporalis
2393 3367 2792 3427 commodum
2856 3367 3102 3438 inhiat,

617 3481 806 3550 prout
863 3471 918 3531 ei
975 3473 1385 3550 precepimus,
1434 3481 1529 3534 set
1586 3474 1790 3533 solum
1849 3474 1927 3533 ad
1979 3474 2251 3533 salutem
2296 3481 2357 3533 et
2400 3493 2605 3533 mores
2649 3474 3102 3533 reformandos

616 3578 877 3637 viriliter
944 3578 1153 3637 debet²
1215 3578 1514 3639 laborare.
1628 3580 1929 3640 ValeatiS.
2045 3580 2286 3639 Datum
2359 3580 2524 3657 apud
2595 3578 2925 3649 Foleham,
2988 3578 3104 3657 xiij

614 3682 938 3742 Kalendas
995 3682 1381 3755 Decembris,
1437 3684 1852 3745 Pontificatus
1910 3685 2106 3745 nostri
2164 3702 2331 3744 anno
2389 3685 2684 3745 secundo·
2823 3684 2826 3686 Α

610 4012 769 4071 Nov.
814 4012 1123 4071 19.—The,
1166 4012 1401 4091 Bishop
1445 4013 1846 4089 sendstLake
1894 4014 1967 4073 de
2016 4016 2167 4073 Bree
2216 4014 2342 4073 and
2395 4014 2562 4074 John
2609 4014 2682 4074 de
2731 4014 3108 4077 Bradeham

862 4100 919 4152 to
963 4094 1182 4165 confer,
1228 4092 1297 4152 in
1340 4093 1435 4153 his
1478 4114 1670 4164 name,
1715 4094 1869 4153 with
1913 4095 2009 4153 the
2056 4094 2338 4173 Chapter.

778 4248 1105 4309 (hnmano
1150 4250 1669 4311 Hnssnmansnm
1715 4268 1837 4309 PRO
1882 4268 2224 4310 ommno
2277 4250 2853 4311 naussum—Viris
2897 4272 3100 4312 vene-

614 4353 933 4423 rabilibus,
992 4361 1135 4425 etc„
1196 4354 1484 4433 Capitulo
1536 4356 2002 4427 Herefordensi,
2059 4356 2359 4427 Thomas,
2413 4366 2558 4428 etc„
2610 4356 2908 4428 salutem,
2965 4368 3098 4420 etc.

616 4461 1027 4521 Attendentes
1071 4482 1183 4522 vos
1238 4464 1304 4521 in
1358 4472 1601 4541 partem
1662 4462 2101 4523 sollicitudinis
2161 4463 2478 4541 regiminis
2537 4461 2716 4522 nobis
2761 4466 3102 4525 commissi

615 4568 679 4626 in
750 4567 1101 4628 Ecclesiam
1170 4568 1513 4645 predictam
1588 4568 1800 4629 divina
1869 4569 2271 4647 providencia
2331 4569 2678 4641 convocari,
2746 4588 3096 4647 speramus

614 4672 875 4732 firmiter
930 4672 1115 4751 quod,
1176 4673 1241 4731 in
1298 4673 1420 4734 hiis
1475 4674 1703 4753 quibus
1759 4674 2111 4734 animarum
2173 4674 2346 4734 salus
2401 4680 2465 4733 et
2523 4672 2808 4734 Ecclesie
2865 4686 3097 4737 nostre

612 4786 824 4839 status
900 4778 1265 4837 reformacio
1340 4786 1633 4856 poterunt
1710 4779 1990 4851 iminere,
2073 4779 2256 4839 nobis
2331 4786 2395 4839 et
2471 4782 2704 4840 nostris
2785 4780 3100 4845 assistere

987 4930 1113 4969 l-ln
1142 4930 1243 4971 MS.
1270 4929 1662 4971 extendentibus.
2225 4930 2357 4970 2-ln
2387 4930 2487 4971 MS.
2515 4926 2705 4969 aebeat.
