3459 5617
698 480 815 539 112
1346 480 1703 559 Reqistrum
1761 480 1981 541 Thomc
2035 480 2108 541 de
2180 479 2510 559 Cantibapo

696 729 851 790 Nov.
882 730 1361 790 19.—Mandate
1406 738 1461 790 ιο
1502 730 1678 791 Lukc
1710 730 1786 791 dc
1812 732 1964 791 Brea
2008 738 2065 791 to
2106 730 2363 791 exercise
2404 730 2476 789 in
2517 729 2614 790 the
2655 728 2942 807 Bishop’s
2981 746 3148 787 name

944 810 1041 871 the
1085 809 1495 889 jurisdiction
1549 812 1862 889 belonqiny
1907 818 1964 872 to
2008 810 2106 872 the
2144 812 2304 889 office
2343 832 2376 870 ο
2449 810 2646 879 Dean,
2685 808 2888 869 which
2927 808 2984 869 is
3024 827 3148 867 now

942 891 1229 971 disputed
1280 892 1355 969 by
1407 892 1504 952 the
1550 892 1717 953 rival
1764 892 2090 953 claimants
2138 890 2292 952 with
2343 898 2365 952 t
2485 890 2674 951 result
2726 890 2862 950 that
2908 889 3145 968 offences

940 972 1180 1033 remain
1218 974 1621 1033 uncorrected.

856 1140 1147 1211 Thomas,
1219 1146 1357 1211 etc..
1428 1142 1727 1221 magistro
1810 1140 2033 1225 L[uce]
2117 1142 2196 1203 de
2275 1141 2454 1212 Bree,
2525 1140 2807 1221 ejusdem
2877 1138 3149 1199 Ecclesie

694 1244 1031 1315 CanonicO,
1088 1246 1375 1318 salutem,
1432 1253 1549 1307 etc.
1662 1247 1914 1321 Quanto
1962 1268 2038 1309 ex
2085 1247 2417 1327 pastoralis
2468 1246 2652 1307 officii
2701 1244 2912 1307 debito
2961 1244 3148 1323 magis

692 1352 1097 1431 astringimur
1150 1352 1215 1411 in
1273 1353 1396 1413 hiis
1445 1373 1566 1433 que
1622 1355 1701 1413 ad
1750 1354 2018 1415 salutem
2068 1353 2418 1414 animarum
2474 1352 2792 1431 pertinent
2847 1350 3149 1421 delectari,

696 1462 877 1518 tanto
916 1457 1115 1518 anxiis
1154 1458 1469 1519 doloribus
1508 1459 1955 1519 conturbamur
1991 1480 2134 1519 cum
2173 1438 2382 1538 aliqua
2417 1458 2862 1537 perpendimus
2902 1456 3151 1516 iminere

696 1582 818 1643 que
876 1563 1142 1624 salutem
1208 1584 1422 1624 earum
1484 1565 1836 1643 impediunt
1899 1571 1964 1626 et
2025 1566 2190 1626 viam
2253 1569 2590 1644 preparant
2649 1565 2728 1623 ad
2785 1563 3148 1624 Jehennam.

696 1669 871 1730 Hinc
911 1674 1009 1730 est
1050 1669 1234 1749 quod,
1279 1670 1577 1749 magistro
1620 1670 1846 1750 Egidio
1889 1672 1965 1732 de
2008 1670 2379 1749 Avenebury
2418 1676 2483 1731 et
2531 1670 2571 1730 J
2573 1669 2824 1730 ohanne
2863 1669 2942 1729 de
2984 1666 3152 1747 Aqua

692 1775 935 1835 Blanca
983 1795 1171 1854 super
1222 1776 1359 1855 jure
1416 1776 1756 1837 decanatus
1813 1776 2094 1838 Ecclesie
2148 1782 2362 1837 nostre
2417 1775 2694 1855 predicte
2750 1773 3148 1854 litigantibus,

694 1882 776 1941 ad
817 1900 1023 1959 quem,
1067 1881 1143 1942 de
1186 1882 1637 1943 consuetudine
1686 1883 2047 1962 approbata,
2091 1888 2163 1943 ut
2203 1883 2448 1953 dicitur,
2496 1886 2740 1961 spectat
2779 1880 3146 1960 jurisdiccio,

695 2006 846 2047 cura
880 1985 1171 2047 salutaris
1204 1986 1537 2065 negligitur
1569 1986 1940 2058 animarum,
1980 1988 2131 2047 dum
2169 1987 2334 2048 idem
2374 2007 2441 2048 se
2479 1992 2701 2046 mutuo
2739 1985 3150 2063 inpugnantes

694 2216 823 2257 non
873 2202 1179 2257 exercent.
1284 2197 1712 2258 Ponderantes
1763 2198 1951 2276 igitur
2005 2197 2280 2276 pericula
2334 2197 2634 2276 preterita
2688 2215 2761 2255 ac
2816 2194 3148 2274 presencia,

694 2323 817 2383 que
859 2302 938 2363 ob
979 2302 1295 2364 deiectum
1336 2302 1745 2363 correccionis
1787 2303 1852 2362 in
1895 2301 2162 2363 subditis
2190 2302 2341 2361 dicti
2383 2303 2724 2362 decanatus
2762 2300 3152 2378 contigerunt

693 2413 759 2469 et
821 2408 1049 2469 cotidie
1110 2409 1501 2487 contingunt,
1564 2408 1848 2471 volentes
1908 2429 2020 2488 per
2080 2429 2155 2469 ea
2216 2427 2434 2469 cavere
2496 2407 2573 2468 de
2635 2406 2880 2475 futuris,
2947 2403 3152 2465 habito

695 2533 885 2593 super
933 2513 1055 2574 hiis
1111 2533 1254 2573 cum
1306 2514 1453 2573 viris
1508 2514 1921 2592 prudentibus
1977 2535 2049 2574 ac
2102 2513 2478 2593 jurisperitis
2535 2517 2810 2573 tractatu
2856 2509 3151 2590 diligenti,

694 2723 1065 2785 exercicium
1094 2724 1245 2784 dicti
1274 2724 1613 2785 decanatus
1643 2724 1822 2785 nobis
1852 2725 2309 2803 assumpsimus
2337 2724 2770 2785 exercendum.
2855 2721 3152 2795 Quocirca

692 2829 871 2890 vobis
927 2829 1299 2890 mandamus
1356 2835 1571 2891 tenore
1626 2830 2018 2909 presencium
2077 2830 2338 2891 firmiter
2392 2830 2810 2909 injungentes,
2862 2828 3152 2907 quatinus

692 2935 1007 3014 prefatum
1050 2936 1457 2996 correccionis
1500 2936 1772 2997 officium
1814 2937 1949 2997 vice
1991 2942 2054 2997 et
2096 2937 2469 2997 auctoritate
2512 2940 2729 2997 nostra
2767 2932 3151 3015 exequamini

694 3059 840 3099 cum
884 3039 1132 3111 effectu,
1179 3041 1666 3102 contradictores
1711 3046 1775 3101 et
1823 3041 2082 3102 rebelles
2130 3062 2244 3120 per
2291 3061 2622 3102 censuram
2671 3039 3152 3101 ecclesiasticam

694 3146 1166 3224 compescendo.
1290 3146 1585 3207 Valeatis.
1712 3148 1950 3207 Datum
2027 3148 2193 3226 apud
2264 3147 2585 3218 Foleham,
2657 3147 2761 3226 xiij
2845 3145 3154 3206 Kalendas

695 3249 1081 3344 Decembris,
1139 3250 1551 3311 Pontificatus
1606 3252 1807 3313 nostri
1863 3272 2027 3313 anno
2084 3253 2377 3314 secundo.

698 3591 844 3652 Dec.
875 3591 1184 3651 17.—The
1213 3591 1463 3682 Bishqp,
1495 3591 1566 3652 in
1591 3592 1893 3671 deferencc
1924 3598 1981 3652 to
2018 3592 2114 3651 the
2146 3598 2618 3652 rewwnstrances
2653 3592 2725 3671 of
2761 3591 2860 3651 the
2898 3590 3155 3680 Chapter

943 3672 2480 3832 :zaazzzcamazkam
2493 3679 2576 3813 ο
2599 3671 2928 3813 ,aaa
2958 3677 3156 3731 m

861 3920 1152 3991 ThomaS,
1193 3926 1329 3990 etc„
1372 3921 1663 3983 Dominis
1703 3921 1994 4000 Capitulo
2032 3923 2315 4002 ejusdem
2361 3923 2663 3993 Ecclesie,
2711 3923 3002 3992 salutem,
3039 3926 3152 3982 etc.

700 4025 1130 4086 Sollicitudine
1185 4026 1516 4105 pastoralis
1570 4027 1755 4087 officii
1824 4033 2010 4106 prout
2079 4028 2335 4089 statutis
2404 4028 2724 4090 canonicis
2793 4027 3152 4107 obligamur,

698 4130 887 4190 saluti
950 4130 1151 4209 gregis
1210 4130 1390 4190 nobis
1452 4151 1489 4191 a
1554 4132 1690 4192 Deo
1755 4133 2074 4193 commissi
2137 4153 2251 4212 pro
2305 4133 2542 4194 viribus
2597 4134 2984 4203 insistenteS,
3041 4132 3154 4191 hoc

701 4252 949 4312 semper
1003 4236 1356 4312 optavimus
1412 4242 1475 4295 et
1528 4244 1823 4313 optamus
1879 4248 1950 4297 ut
2007 4238 2290 4297 Ecclesie
2355 4245 2566 4298 nostre
2629 4240 2890 4316 negocia
2955 4244 3154 4298 vestro

700 4339 979 4409 consili0,
1038 4338 1268 4399 auxilio
1323 4341 1557 4418 pariter
1611 4352 1674 4400 et
1732 4361 2013 4412 assensu,
2069 4343 2451 4402 unanimiter
2502 4342 2877 4420 dirigantur,
2929 4350 3002 4403 ut
3049 4359 3155 4402 sue

699 4442 1022 4503 libertates
1076 4464 1187 4521 per
1240 4445 1451 4505 omnia
1508 4453 1805 4506 maneant
1860 4446 2118 4517 illibate,
2165 4454 2228 4506 et
2285 4467 2401 4507 nos
2462 4448 2527 4506 in
2583 4446 2852 4507 districti
2916 4446 3153 4508 Judicis

701 4547 989 4608 examine
1017 4548 1423 4610 villicacionis
1464 4558 1675 4610 nostre
1717 4569 1876 4611 sana
1917 4553 2308 4613 consciencia
2332 4554 2648 4632 possimus
2679 4554 2943 4615 reddere
2971 4553 3152 4614 libere

700 4654 1035 4714 racionem.
1144 4652 1373 4713 Verum
1438 4675 1581 4714 cum
1648 4676 1777 4726 voe,
1838 4657 1901 4716 in
1964 4657 2346 4734 adjutorium
2419 4658 2742 4737 regiminis
2805 4658 3148 4729 convocati,

698 4758 1085 4836 trepidantes
1126 4757 1203 4818 de
1244 4760 1585 4837 prejudicio
1628 4760 1734 4820 ubi
1776 4762 1965 4821 timor
2007 4782 2130 4823 non
2176 4771 2374 4835 extat,
2406 4764 2588 4844 quasi
2631 4783 2876 4825 errores
2905 4766 3147 4825 devian-

700 4864 887 4935 cium,
918 4870 989 4923 ut
1030 4864 1234 4942 prima
1272 4864 1430 4925 facie
1460 4866 1723 4938 videtur,
1755 4869 2192 4946 approbantes,
2223 4890 2368 4929 cum
2410 4870 2503 4930 eis
2545 4890 2672 4929 non
2715 4871 3015 4932 resistitis
3041 4888 3150 4929 nec
