3459 5617
1164 526 1463 607 Episcopi
1516 526 1999 606 Herefordensis.
2689 529 2806 589 281

358 750 758 812 denunciavit
806 751 1037 813 ibidem
1086 752 1288 812 eidem
1346 752 1619 813 Domino
1676 751 2122 814 Herefordensi
2178 754 2242 812 in
2299 754 2548 833 scriptis
2603 754 2810 835 ipsum

358 856 699 917 Dominum
770 876 955 917 suum
1022 858 1444 918 Assavensem
1515 858 1756 935 prefate
1825 858 2238 937 appellacioni
2307 860 2626 921 detulisse.
2724 862 2812 920 Et

356 960 523 1021 idem
584 962 960 1023 Procurator
1022 963 1299 1042 predicte
1361 964 1792 1043 appellacioni,
1855 966 2106 1025 nomine
2163 966 2315 1027 dicti
2374 966 2628 1026 Domini
2689 967 2806 1039 sui,

356 1072 507 1125 tunc
576 1065 865 1126 similiter
934 1067 1237 1139 deferens,
1311 1079 1659 1129 memorato
1730 1070 2003 1130 Domino
2080 1070 2548 1143 Herefordensi‚
2626 1072 2810 1150 juxta

355 1172 642 1233 mandati
684 1174 783 1233 sui
822 1172 1111 1245 formam,
1156 1176 1424 1235 eundem
1483 1220 1808 1238 .....
1867 1177 1954 1236 Et
1997 1197 2128 1255 eg0,
2175 1177 2459 1239 notarius
2500 1178 2807 1257 publicae,

357 1279 583 1357 prefati
626 1280 881 1339 Domini
928 1280 1397 1361 Archiepiscopi
1444 1282 1919 1343 cantuariensis
1968 1284 2343 1344 auctoritate
2389 1290 2453 1343 et
2509 1284 2814 1345 mandato

362 1385 633 1463 speciali,
667 1384 985 1463 sepedicto
1027 1386 1302 1447 Domino
1345 1387 1797 1448 Herefordensi
1839 1388 2174 1468 Episcop0‚
2205 1399 2276 1448 ut
2321 1390 2812 1469 suprascriptum

358 1497 473 1560 est,
520 1489 896 1551 denunciavi
969 1536 1342 1553 .....
1415 1492 1613 1553 eciam
1654 1491 2152 1561 denunciacioni,
2199 1493 2525 1566 delacioni,
2570 1505 2633 1554 et
2675 1514 2812 1575 pre·

354 1593 570 1654 fixioni
620 1595 773 1655 dicti
821 1595 1272 1667 Procuratoris,
1324 1617 1567 1657 necnon
1618 1604 1681 1658 et
1730 1599 2021 1659 omnibus
2072 1599 2228 1671 aliis,
2273 1607 2345 1660 ut
2389 1600 2674 1679 superius
2715 1608 2814 1663 est

357 1719 741 1779 expressum,
788 1700 1047 1763 interfui
1106 1748 1427 1765 .....
1487 1704 1567 1765 ad
1616 1705 2050 1766 Procuratoris
2099 1706 2397 1784 Episcopi
2440 1708 2811 1769 Assavensis

358 1806 732 1866 instanciam
779 1807 1017 1887 scripsi,
1062 1808 1397 1886 publicavi,
1442 1815 1505 1869 et
1552 1828 1764 1869 meum
1808 1810 2058 1889 signum
2101 1812 2360 1889 apposui
2434 1857 2808 1874 .....

355 2126 655 2204 temporis
696 2126 1022 2196 brevitate,
1065 2126 1242 2187 vobis
1290 2126 1665 2187 mandamus
1708 2128 2031 2207 quatinus,
2077 2135 2324 2189 retenta
2371 2130 2552 2208 copia
2590 2149 2811 2191 eorun-

355 2229 518 2301 dem,
595 2231 734 2309 ipsa
810 2232 1190 2311 transcripta
1261 2252 1373 2311 per
1440 2233 1961 2293 intervenientem
2032 2234 2386 2314 proximum
2453 2236 2807 2299 remittatiS.

362 2335 677 2397 Mittimus
719 2337 973 2416 quidem
1014 2338 1190 2399 vobis
1234 2338 1497 2398 formam
1543 2340 1607 2397 in
1657 2358 1784 2416 qua
1830 2358 1943 2417 pro
1992 2342 2293 2419 magistro
2343 2342 2398 2400 R
2418 2342 2672 2420 [icardo]
2731 2343 2810 2403 de

356 2442 652 2521 Heytone
710 2456 773 2504 et
837 2443 1022 2503 dictis
1084 2443 1404 2505 Prioribus
1462 2451 1558 2504 est
1620 2445 1683 2504 in
1746 2445 1935 2506 Curia
1991 2445 2414 2523 impetratum.
2514 2447 2810 2509 Ceterum

362 2547 741 2608 mandamus
782 2548 1077 2629 quatinus
1117 2548 1619 2628 jurisdiccionem
1664 2554 1942 2610 nostram
1988 2550 2064 2610 de
2114 2550 2360 2611 Gordor
2407 2551 2648 2613 illesam
2697 2572 2811 2631 pro

360 2654 595 2715 viribus
638 2654 1012 2727 defendatis,
1043 2655 1362 2716 Prioribus
1404 2656 1483 2716 de
1525 2655 1892 2735 Chyrebury
1935 2663 1999 2717 et
2041 2656 2118 2716 de
2159 2657 2508 2737 Albrebury
2549 2658 2815 2720 firmiter

356 2758 758 2837 injungentes
814 2760 1001 2839 quod,
1058 2760 1328 2820 maxime
1384 2761 1448 2819 in
1498 2760 1620 2822 hoc
1676 2768 2046 2840 autumpno,
2092 2760 2411 2824 libertates
2452 2770 2516 2825 et
2556 2764 2697 2843 jura
2738 2785 2814 2827 ac

348 2866 779 2943 possessiones
835 2868 1237 2928 ecclesiarum
1309 2888 1586 2939 suarum,
1654 2888 1779 2948 quo
1848 2870 1928 2929 ad
1996 2870 2272 2931 decimas
2334 2877 2398 2932 et
2462 2872 2606 2944 alia,
2670 2878 2806 2933 tam

352 2970 416 3030 in
487 2971 674 3032 dictis
741 2972 1026 3051 partibus
1095 2973 1172 3034 de
1243 2974 1487 3035 Gordor
1549 2993 1738 3054 quam
1809 2976 1970 3048 aliis,
2040 2975 2296 3036 viriliter
2351 2984 2684 3056 protegant
2745 2985 2808 3040 et

342 3077 703 3139 defendant.

348 3362 519 3424 John
572 3362 645 3422 dc
700 3362 1023 3439 Bitterley,
1068 3363 1395 3423 substitute
1436 3363 1655 3424 ‘named
1711 3363 1787 3441 by
1841 3364 2136 3425 Edmund
2183 3365 2254 3425 de
2305 3365 2661 3444 Warefelde,
2709 3368 2806 3428 the

588 3442 878 3523 Bishop’s
942 3444 1216 3515 Proctor‚
1284 3444 1416 3521 lays
1477 3443 1671 3523 before
1745 3445 2004 3516 (ἔον-αφά,
2068 3446 2304 3525 Bishop
2365 3448 2436 3523 of
2483 3446 2801 3519 Sabinum,

589 3543 774 3600 many
844 3524 1142 3584 technical
1203 3524 1526 3601 objections
1594 3533 1652 3585 to
1718 3526 1816 3585 the
1873 3545 2080 3588 course
2141 3528 2212 3603 of
2265 3527 2362 3587 the
2411 3528 2804 3607 proceedinqs

591 3602 775 3665 taken
817 3624 895 3665 on
938 3605 1035 3665 the
1077 3605 1249 3665 other
1290 3605 1437 3675 side,
1468 3606 1593 3665 and
1636 3605 1711 3681 by
1757 3606 1854 3667 the
1887 3606 2264 3686 Archbishop
2297 3608 2367 3685 os
2397 3609 2800 3686 Canterbmy,

586 3704 657 3746 as
689 3684 1198 3764 judqe-dezeqate,
1242 3686 1311 3745 in
1354 3687 1451 3746 the
1494 3686 1622 3747 suit
1662 3686 1816 3747 with
1859 3688 1955 3747 the
1997 3687 2233 3767 Bishop
2275 3689 2344 3766 os
2381 3690 2473 3749 St.
2523 3689 2752 3769 Asaph.

512 3841 665 3902 Huc
703 3859 824 3902 as‘r
873 3858 1059 3902 com
1114 3857 1610 3902 nssponmonnm
1665 3858 1976 3902 MAmsTm
2023 3842 2347 3903 Jonmms
2401 3860 2488 3902 na
2544 3846 2803 3905 Buran-

348 3966 519 4008 me·
570 3964 733 4017 Quas
780 3964 983 4007 minu·
1031 3964 1279 4008 con'rm
1326 3963 1845 4006 Insmnuuan'rum
1898 3963 2126 4007 rums
2172 3950 2802 4010 somma—Coram

338 4055 535 4125 vobis,
610 4051 964 4114 Venerabili
1033 4054 1221 4112 Patre
1293 4051 1565 4111 Domino
1634 4052 1936 4124 Gerard0,
1996 4052 2117 4112 Dei
2185 4054 2397 4131 gracia
2467 4054 2797 4117 Sabinensi

340 4160 677 4238 Episcopo,
731 4158 1095 4238 excipiendo
1147 4157 1437 4235 proponit
1492 4156 1532 4217 J
1535 4156 1818 4218 ohannes
1873 4157 1951 4216 de
2007 4157 2362 4236 Buterleye,
2421 4159 2797 4221 Procurator

346 4266 725 4326 substitutus
774 4284 813 4324 a
860 4264 1160 4341 magistro
1209 4262 1549 4322 Edmundo
1598 4262 1675 4322 de
1726 4262 2098 4334 Warefelde‚
2144 4264 2555 4325 Procuratore
2596 4266 2798 4327 Vene-

338 4372 549 4431 rabilis
630 4369 885 4431 Domini
969 4370 1229 4440 Thome,
1310 4368 1431 4428 Dei
1508 4368 1716 4447 gracia
1793 4368 2275 4430 Herefordensis
2343 4370 2662 4449 Episcopi,
2732 4372 2800 4431 in

342 4477 688 4547 audiencia,
740 4475 907 4554 quod
968 4494 1079 4553 per
1138 4494 1215 4535 ea
1277 4494 1398 4553 que
1455 4474 1762 4553 producta
1810 4481 1958 4535 sunt
2015 4494 2126 4553 per
2173 4480 2418 4553 partem
2469 4475 2800 4537 adversam

338 4602 461 4643 non
522 4590 775 4643 constat
832 4601 970 4642 esse
1026 4581 1433 4661 appellatum.

502 4714 669 4787 Item
728 4713 895 4793 quod
950 4732 1077 4774 non
1128 4719 1377 4773 constat
1427 4712 1838 4791 appellacioni
1886 4730 1996 4790 per
2035 4712 2474 4773 Venerabilem
2516 4714 2792 4787 Patrem,

340 4820 688 4882 Dominum
734 4818 1249 4880 Cantuariensem
1295 4818 1869 4896 Archiepiscopum,
1912 4836 2050 4878 esse
2091 4817 2372 4878 delatum
2428 4819 2545 4879 sub
2588 4819 2798 4900 aliqua

338 4926 622 4997 licencia,
666 4925 888 4996 forma,
932 4925 1030 4985 vel
1071 4924 1349 5003 legitimo
1389 4930 1690 5004 tempore.
