3459 5617
1135 492 1434 572 Episcopi
1490 494 1562 553 H
1557 493 1892 574 erefordens
1900 494 1970 556 is.
2666 500 2783 560 173

316 713 380 772 in
427 714 618 773 Festo
663 713 906 775 Pasche
950 734 1117 775 anno
1163 716 1303 789 xlv;
1349 725 1410 777 et
1454 717 1531 778 de
1575 738 1657 778 xx
1700 719 1916 779 solidis
1961 740 2073 799 pro
2114 721 2284 798 xxiiij
2330 721 2496 781 robis
2534 722 2783 799 partitis

317 820 395 880 de
585 822 614 880 ⁴?
852 820 1038 881 factis
1089 822 1170 881 ad
1232 822 1486 883 easdem
1551 825 1939 904 queyntisas.
2054 826 2140 885 Et
2185 826 2233 887 C
2285 826 2467 887 solidi
2508 846 2619 905 pro
2681 827 2784 889 CO

315 927 542 1005 pannis
578 926 930 988 tondendis.
1004 928 1092 987 Et
1131 928 1215 987 lix
1250 929 1433 989 solidi
1469 928 1715 989 liberati
1755 931 2127 1003 AlexandrO,
2169 931 2463 1009 pincerne
2505 932 2779 1003 Domini,

317 1053 484 1093 anno
533 1032 709 1110 xliiij,
759 1033 838 1093 ad
887 1033 1225 1111 cariagium
1275 1034 1558 1094 vinorum
1611 1036 1969 1095 faciendum
2012 1057 2123 1116 per
2176 1056 2403 1098 manus
2459 1037 2780 1111 Willelmi,

319 1138 564 1217 Begeri,
624 1145 687 1198 et
742 1138 951 1216 Vigeri
1008 1139 1376 1199 valletorum
1436 1160 1710 1212 suorum,
1773 1141 1851 1202 de
1900 1142 2127 1221 quibus
2184 1142 2345 1203 idem
2408 1143 2779 1215 Alexander,

318 1252 682 1304 executores
753 1244 848 1306 vel
920 1244 1200 1315 heredeS,
1273 1244 1502 1306 debent
1579 1247 1977 1326 respondere.
2120 1248 2205 1308 Et
2278 1268 2396 1308 xxx
2412 1268 2462 1309 s,
2536 1249 2782 1310 liberati

316 1349 596 1411 Johanni
641 1349 718 1410 de
759 1350 958 1429 Aqua,
999 1350 1327 1428 panetario
1366 1351 1644 1423 Domini,
1687 1352 1769 1412 ad
1809 1352 2170 1431 cariagium,
2212 1353 2291 1413 de
2332 1354 2558 1433 quibus
2596 1354 2781 1415 debet

316 1456 732 1534 respondere3
792 1462 856 1516 et
896 1454 978 1535 vij
1031 1455 1186 1515 libre
1230 1456 1488 1517 liberate
1535 1457 1666 1517 Ade
1728 1457 1805 1518 de
1853 1458 2153 1529 Vallibus,
2204 1460 2470 1539 emptori
2516 1462 2781 1540 coquine

316 1562 612 1633 Domini;
671 1569 734 1621 et
777 1561 942 1640 lxijs.
989 1561 1158 1639 viijd.
1205 1582 1316 1641 pro
1373 1562 1619 1624 duabus
1669 1566 1933 1635 carneis,
1986 1565 2313 1625 conductis
2367 1565 2432 1624 in
2482 1564 2783 1627 nundinis

320 1665 744 1736 Staunfordie,
781 1687 907 1727 una
939 1668 1247 1729 conducta
1282 1668 1346 1727 in
1382 1668 1681 1730 nundinis
1719 1670 2239 1749 Norhamptonie,
2276 1669 2500 1730 duabis
2540 1669 2781 1731 carucis

315 1774 645 1833 conductis
686 1774 750 1832 in
795 1773 1093 1833 nundinis
1139 1774 1479 1845 Wintonie,
1525 1796 1652 1835 una
1715 1776 2027 1835 conducta
2078 1776 2145 1834 in
2204 1775 2501 1835 nundinis
2563 1775 2781 1837 Sancti

316 1880 533 1940 Ivonis
603 1880 680 1939 ad
741 1899 985 1959 pannos
1044 1880 1375 1941 cariandos
1433 1901 1632 1961 usque
1688 1882 2073 1953 Londonias,
2145 1901 2289 1942 cum
2355 1882 2645 1961 cariagiis
2714 1892 2779 1943 et

315 1986 539 2057 cordis,
594 2006 762 2047 anno
812 1986 962 2047 xlv⁶⁰
1011 1996 1074 2046 et
1121 1986 1318 2065 xlvj⁶⁰;
1369 1994 1431 2048 et
1483 1989 1631 2067 xxij.
1681 2006 1839 2067 quas
1889 1987 2176 2048 liberavit
2227 1988 2499 2048 Radulio
2550 1988 2781 2049 Basset

315 2112 429 2171 pro
486 2093 794 2171 arrei-agio
852 2094 1016 2154 feodi
1060 2096 1204 2166 sui;
1265 2094 1430 2155 unde
1473 2094 1680 2155 dictus
1740 2093 2068 2153 «Iohannes
2124 2094 2347 2155 habuit
2410 2094 2779 2155 mandatum

315 2216 428 2276 per
455 2197 639 2258 breve
685 2199 960 2271 Domini,
1004 2206 1068 2261 et
1123 2200 1241 2260 hoc
1297 2205 1472 2279 patet
1527 2219 1639 2278 per
1693 2198 1881 2259 breve
1929 2198 2083 2259 dicti
2132 2199 2383 2260 Radulfi
2429 2207 2656 2278 patens
2699 2200 2777 2261 de

317 2304 635 2365 solucione
690 2305 898 2376 facta;
959 2314 1022 2366 et-
1074 2307 1221 2386 xxxj
1237 2306 1300 2366 li.
1355 2325 1495 2366 xvs.
1548 2326 1706 2385 quas
1765 2306 2051 2367 liberavit
2111 2305 2405 2365 Michaeli
2459 2304 2539 2365 de
2597 2305 2779 2367 Senis

318 2410 396 2469 de
460 2411 770 2491 arreragio
839 2410 1002 2471 feodi
1074 2411 1170 2471 sui
1241 2411 1473 2471 annui:
1547 2420 1611 2471 et
1683 2410 1856 2489 xxiiij
1873 2411 1935 2471 li.
2011 2430 2169 2490 quas
2240 2410 2525 2471 liberavit
2600 2410 2778 2471 fratri

309 2514 611 2589 Johanni,
664 2516 1056 2577 thesaurario
1106 2517 1461 2597 Hospitalis
1520 2517 1597 2578 de
1655 2517 2161 2588 Clerkenewelle,
2214 2517 2292 2576 de
2339 2524 2561 2577 mut-uo
2608 2517 2776 2577 facto

313 2621 589 2682 Domino
655 2621 722 2681 in
791 2622 1064 2683 denariis
1133 2641 1291 2702 quos
1361 2622 1648 2683 liberavit
1719 2622 2003 2682 Gerardo
2074 2621 2395 2682 balistario
2467 2628 2529 2682 et
2588 2621 2774 2684 sociis

311 2728 466 2798 suis,
523 2748 636 2807 pro
690 2730 1000 2808 arreragio
1057 2728 1380 2789 vadiorum
1446 2748 1722 2799 suorum,
1774 2748 1889 2806 per
1947 2728 2130 2787 breve
2191 2727 2445 2788 Domini
2500 2736 2770 2807 patens3

310 2839 374 2893 et
437 2834 680 2894 xxxvli.
745 2834 869 2914 xvij
886 2854 936 2895 s.
997 2834 1100 2913 viij
1118 2834 1177 2894 d.
1238 2834 1362 2905 ob„
1421 2852 1582 2914 quas
1645 2833 1935 2893 liberavit
1996 2832 2258 2894 diversis
2322 2833 2774 2895 mercatoribus

309 2959 425 3019 pro
481 2960 682 3001 avena
735 2947 922 3020 capta
977 2960 1088 3019 per
1143 2959 1402 3000 manum
1461 2939 1744 3018 magistri
1803 2939 2123 3010 Willelmi,
2184 2938 2501 3017 quondam
2566 2937 2773 2998 clerici

314 3046 720 3108 Marescalcie
775 3046 1033 3107 Domini
1057 3065 1073 3117 ;
1131 3045 1210 3106 de
1258 3046 1486 3126 quibus
1535 3046 1810 3106 denariis
1859 3046 2024 3105 idem
2075 3044 2426 3105 Willelmus
2482 3044 2579 3105 vel
2630 3063 2772 3104 exe-

311 3162 562 3214 cutores
633 3153 732 3214 vel
803 3154 1064 3214 heredes
1141 3152 1342 3213 eidem
1418 3152 1648 3213 debent
1724 3152 2121 3231 respondere.
2250 3152 2337 3212 Et
2406 3151 2464 3229 vj
2481 3150 2543 3210 li.
2617 3169 2774 3229 quas

309 3258 596 3320 liberavit
639 3259 924 3320 Gilberto
965 3259 1226 3319 Talebot
1270 3259 1348 3319 ad
1392 3260 1726 3319 emendum
1772 3259 2145 3329 instaurum,
2186 3257 2349 3335 apud
2388 3257 2768 3327 Grosmund,

313 3364 682 3436 Sekenefrit,
734 3371 796 3426 et
845 3363 1072 3424 Album
1125 3365 1418 3426 Castrum
1465 3366 1530 3423 in
1578 3364 1905 3435 Marchia;
1966 3364 2043 3423 de
2086 3362 2311 3441 quibus
2352 3362 2533 3421 heres
2576 3362 2772 3441 ipsius

310 3474 495 3534 debet
543 3470 934 3549 respondere.
1049 3471 1136 3531 Et
1190 3470 1304 3531 xli.
1364 3490 1520 3551 quas
1576 3469 1862 3531 liberavit
1920 3469 2190 3529 dominis
2241 3467 2429 3528 Petro
2479 3467 2556 3527 de
2604 3468 2769 3527 Wal-

309 3578 676 3656 dringeham
735 3582 798 3636 et
859 3577 1172 3636 Willelmo
1229 3577 1506 3663 Turpyn,
1565 3575 1743 3636 novis
1802 3574 2129 3645 militibus,
2183 3593 2295 3651 pro
2352 3573 2649 3652 palestria
2708 3578 2771 3634 et

309 3683 718 3746 sellionibus.¹
840 3683 928 3743 Et
998 3682 1102 3761 viij
1121 3683 1182 3742 li.
1258 3702 1360 3743 xs.
1434 3702 1590 3762 quas
1660 3681 1950 3741 liberavit
2022 3680 2365 3741 Rowlando
2438 3679 2771 3739 mercatori

309 3810 611 3870 equorum
657 3789 934 3860 Domini,
978 3808 1088 3868 per
1132 3808 1358 3848 manus
1405 3788 1692 3865 Hugonis
1736 3786 1983 3864 nepotis
2028 3788 2147 3857 sui,
2188 3785 2440 3866 quando
2482 3785 2653 3845 venit
2692 3785 2772 3846 de

307 3897 594 3977 partibus
657 3893 1097 3956 transmarinis
1161 3913 1306 3954 cum
1365 3892 1540 3971 equis
1605 3892 1862 3950 Domini
1927 3901 1991 3951 et
2054 3892 2335 3961 camelo;
2402 3890 2479 3951 de
2541 3892 2769 3970 quibus

307 4003 493 4064 debet
535 4001 930 4081 respondere.
1035 4000 1125 4060 Et
1187 3998 1312 4077 lxvj
1330 4018 1379 4059 s.
1443 3997 1619 4075 viijd.
1681 4016 1838 4077 quos
1895 3996 2179 4057 liberavit
2228 3996 2504 4057 :Iohanni
2560 3996 2768 4069 Ferre,

307 4109 540 4170 valleto
603 4105 881 4177 Domini,
937 4108 1016 4165 de
1079 4104 1291 4165 debito
1353 4122 1477 4163 xxx
1539 4121 1894 4163 marcarum
1958 4110 2022 4161 et
2085 4100 2359 4172 dimidie,
2417 4101 2482 4160 in
2541 4100 2770 4182 quibus

309 4215 621 4276 Dominus
689 4212 748 4273 ei
817 4210 1168 4281 tenebatur,
1241 4210 1401 4270 sicut
1468 4216 1648 4287 patet
1711 4227 1823 4287 per
1884 4206 2068 4267 breve
2131 4206 2269 4288 ejus
2330 4212 2573 4284 patens.
2676 4206 2765 4266 Et

309 4321 637 4399 Stephano
685 4318 763 4378 de
815 4318 1034 4377 Monte
1086 4314 1357 4375 Ferandi
1405 4315 1465 4392 vj
1482 4314 1545 4373 li.
1591 4312 1696 4391 xiij
1715 4332 1766 4373 s.
1812 4312 1981 4391 iiijd.
2025 4312 2088 4371 in
2140 4319 2381 4389 partem
2432 4311 2770 4372 solucionis

306 4426 636 4489 vadiorum
699 4443 975 4485 suorum.
1102 4422 1189 4481 Et
1257 4420 1317 4500 xj
1333 4419 1398 4480 li.
1472 4420 1553 4497 vij
1571 4438 1620 4481 s.
1696 4438 1855 4498 quas
1933 4418 2223 4477 liberavit
2305 4415 2618 4477 Willelmo
2693 4417 2770 4476 de

306 4532 624 4593 Wautone
668 4529 734 4589 in
783 4533 1026 4607 partem
1078 4525 1414 4587 solucionis
1463 4524 1785 4583 vadiorum
1836 4541 2112 4593 suorum,
2165 4540 2274 4599 per
2323 4521 2508 4582 breve
2560 4521 2765 4599 Regis.

305 4638 396 4698 Et
449 4637 565 4697 xli.
617 4634 830 4714 xviijs.
882 4634 924 4713 ij
941 4634 997 4694 d.
1061 4650 1218 4713 quas
1275 4630 1562 4691 liberavit
1623 4628 1904 4689 Waltero
1961 4628 2038 4687 de
2094 4627 2370 4705 Langele
2424 4627 2501 4687 de
2558 4627 2769 4687 debito

304 4744 432 4821 xxij
505 4760 859 4802 marcarum
928 4758 1044 4819 pro
1120 4737 1366 4797 duabus
1444 4734 1723 4795 runcinis
1802 4735 1865 4793 in
1937 4733 2235 4813 obsequio
2304 4732 2564 4793 Domini
2630 4752 2767 4811 per·

852 4921 1192 4969 l—Palestn'a.
1220 4925 1329 4969 etc..
1358 4921 1508 4968 riding
1535 4920 1694 4962 school
1722 4918 1816 4961 and
1844 4918 2206 4960 saddle-horses.
