3459 5617
635 485 756 541 216
1299 482 1655 561 Reqtstrum
1713 484 1933 545 Thome
1987 485 2059 544 de
2119 484 2449 563 Cantilupo

640 727 788 768 suas
845 707 1056 787 aliquo
1110 707 1236 767 alio
1291 707 1476 768 modo
1533 708 1938 780 devenerunt,
1998 715 2069 769 ut
2127 710 2445 787 predictus
2502 710 2749 780 Petrus,
2808 709 2981 770 filius
3040 715 3109 770 et

636 813 820 874 heres
875 814 1156 893 ejusdem
1217 814 1386 873 Petri
1448 814 1633 885 dicit;
1700 817 1848 895 quia
1908 822 2038 875 tam
2102 815 2265 875 idem
2338 816 2565 876 Petrus
2622 836 2808 895 quam
2874 815 3113 894 prefati

638 927 1004 980 executores
1047 927 1110 980 et
1155 919 1458 998 magister
1499 919 1797 990 ThomaS,
1828 920 1993 979 inter
2034 939 2191 998 quos
2232 919 2531 998 placitum
2578 929 2674 980 est
2712 920 2857 981 inde
2891 939 3117 980 coram

640 1025 998 1086 Beronibus
1043 1025 1119 1086 de
1172 1026 1498 1086 Scaccario
1553 1035 1790 1097 nostro,
1835 1033 2181 1105 posuerunt
2224 1045 2291 1087 se
2334 1027 2479 1086 inde
2522 1027 2586 1085 in
2628 1026 3117 1106 inquisicionem

638 1130 1024 1209 predictam;
1069 1138 1133 1191 et
1177 1131 1316 1192 ideo
1354 1131 1530 1192 vobis
1563 1132 1941 1192 mandamus
1982 1131 2148 1212 quod
2192 1131 2271 1191 ad
2312 1137 2517 1192 certos
2558 1131 2723 1192 diem
2766 1137 2829 1192 et
2870 1132 3111 1204 locum,

638 1257 798 1318 quos
840 1238 920 1297 ad
979 1236 1098 1296 hoc
1156 1236 1571 1316 provideritis,
1613 1238 2091 1318 inquisicionem
2148 1238 2320 1298 illam
2378 1239 2665 1317 capiatis
2774 1238 3113 1298 Mandavi-

644 1361 788 1403 mus
831 1343 998 1404 enim
1043 1342 1526 1404 constabulario
1567 1352 1785 1404 nostro
1828 1344 2033 1404 Castri
2075 1342 2338 1423 predicti
2380 1345 2457 1404 de
2501 1343 2871 1422 Berkeveny
2912 1343 3111 1422 quod,

637 1451 720 1511 ad
790 1457 994 1510 certos
1063 1449 1225 1509 diem
1290 1459 1355 1509 et
1418 1450 1646 1520 locum,
1713 1469 1869 1529 quos
1932 1450 1987 1509 ei
2054 1449 2211 1510 scire
2276 1449 2539 1520 facietis,
2601 1449 2951 1528 predictam
3017 1450 3114 1509 in-

639 1556 1046 1636 quisicionem
1091 1576 1301 1616 coram
1339 1555 1514 1616 vobis
1558 1557 1767 1615 venire
1811 1555 2021 1618 faciat.
2106 1556 2195 1614 Et
2240 1555 2717 1634 inquisicionem
2758 1555 3117 1633 predictam

641 1662 938 1722 distincte
989 1671 1053 1722 et
1107 1667 1324 1741 aperte
1373 1660 1604 1720 factam
1654 1659 1943 1720 habeatis
1986 1680 2194 1721 coram
2238 1659 2499 1738 prefatis
2539 1659 2897 1720 Batonibus
2941 1659 3117 1738 apud

641 1767 1298 1837 westmonasterium,
1344 1788 1382 1827 a
1441 1767 1542 1826 die
1607 1767 1819 1826 Sancti
1882 1765 2212 1827 Michaelis
2271 1767 2336 1825 in
2398 1787 2477 1826 xv
2526 1767 2680 1836 dies,
2726 1766 2844 1826 sub
2902 1765 3115 1844 sigillo

641 1882 754 1935 tuo
789 1882 851 1934 et
895 1874 1112 1952 sigillis
1154 1893 1367 1934 eorum
1411 1893 1523 1952 per
1567 1893 1724 1954 quos
1768 1873 1935 1934 facta
1976 1874 2193 1946 fuerit;
2239 1892 2302 1934 et
2345 1874 2465 1934 hoc
2508 1873 2715 1933 breve.
2801 1872 2881 1932 Iu
2922 1873 3114 1951 cujus

639 1981 750 2048 rei.
798 1986 918 2040 etc.
1005 1980 1192 2040 Teste
1236 1981 1311 2040 R.
1358 1980 1436 2040 de
1483 1980 1868 2040 Northwode
1924 1980 2094 2058 apud
2138 1979 2795 2049 westmonasterium,
2840 1999 2967 2038 xxv
3010 1979 3117 2040 die

639 2087 838 2157 Junii,
886 2106 1054 2146 anno
1095 2087 1270 2164 regni
1313 2088 1510 2146 nostri
1555 2087 1845 2166 septimo·

649 2345 776 2406 The
818 2345 1016 2415 above,
1059 2343 1214 2403 with
1257 2343 1353 2404 the
1397 2343 1567 2404 letter
1611 2349 1667 2404 ιο
1712 2343 1810 2404 the
1855 2341 2174 2404 constable
2215 2344 2285 2423 of
2318 2342 2768 2420 Aberqavenny,
2810 2360 2936 2400 was
2980 2347 3119 2401 sent

894 2433 951 2486 ιο
1022 2425 1188 2485 John
1253 2424 1328 2484 de
1392 2425 1589 2494 Clare,
1656 2423 1917 2502 toqether
1976 2423 2129 2484 with
2196 2445 2238 2484 a
2308 2423 2478 2483 letter
2540 2429 2598 2483 ιο
2664 2422 2760 2482 the
2822 2421 3117 2500 Bishop’s

851 2505 1220 2582 ·Seneschal
1271 2512 1327 2565 ιο
1375 2525 1522 2583 urqe
1573 2504 1705 2564 that
1758 2505 1855 2565 the
1901 2504 2155 2583 inquiry
2211 2503 2432 2565 should
2481 2503 2549 2564 be
2598 2503 2735 2563 held
2776 2509 2843 2562 αι
2884 2523 2926 2562 a
2970 2501 3119 2562 time

889 2587 1063 2647 when
1125 2586 1195 2646 he
1257 2586 1435 2646 could
1495 2586 1560 2645 be
1613 2591 1877 2664 present,
1946 2585 2073 2644 and
2132 2586 2324 2664 before
2364 2584 2588 2644 March
2643 2587 2742 2654 18,
2810 2583 2945 2643 that
3018 2582 3119 2644 the

888 2675 1102 2728 return
1153 2666 1348 2746 miqht
1404 2667 1470 2726 be
1509 2666 1684 2726 made
1727 2666 1920 2745 before
1959 2665 2344 2726 Parliament
2382 2672 2520 2725 met.

811 2823 1759 2901 MEMORANDUM.—Prescripta
1801 2821 2031 2894 littera,
2077 2827 2138 2882 et
2180 2823 2378 2882 eciam
2419 2822 2633 2882 littera
2668 2821 2911 2881 directa
2948 2821 3115 2882 Con-

646 2929 992 2990 stabulario
1047 2929 1124 2988 de
1188 2928 1560 3007 Berkeveny
1614 2928 1783 2987 unde
1854 2948 2046 3007 supra
2112 2929 2185 2988 fit
2256 2928 2519 2999 mencio,
2592 2928 2783 2988 misse
2852 2927 3117 2987 fuerunt

649 3035 728 3096 de
785 3034 1129 3094 Totenhale
1178 3034 1431 3095 domino
1486 3035 1524 3094 J
1538 3033 1822 3116 [ohanni]
1884 3035 1960 3092 de
2019 3033 2201 3095 Clare
2251 3054 2361 3112 per
2416 3035 2492 3094 Β.
2556 3033 2635 3094 de
2700 3034 2943 3104 Castr0,
3010 3032 3116 3094 die

645 3139 826 3200 Jovis
883 3139 1167 3217 proximo
1223 3144 1368 3216 post
1423 3139 1943 3217 Assumpcionem
2001 3139 2203 3199 Beate
2264 3138 2482 3210 Mat-ie,
2554 3159 2829 3200 unacum
2898 3139 3117 3199 littera

649 3245 907 3305 Domini
965 3245 1322 3305 Senescallo
1379 3265 1492 3304 suo
1549 3264 1738 3324 super
1793 3245 1913 3304 hiis
1971 3245 2300 3316 mittenda,
2345 3251 2416 3304 ut
2476 3245 2661 3305 simul
2718 3265 2831 3323 per
2871 3245 3117 3305 dictum

650 3350 975 3410 dominum
1020 3350 1058 3410 J
1082 3350 1443 3428 [ohannem]
1489 3350 1656 3410 dicto
1701 3349 2059 3410 Senescallo
2114 3351 2715 3411 transmitterentur.
2813 3351 2893 3410 In
2944 3351 3119 3411 dicta

657 3463 868 3518 autem
913 3457 1122 3517 littera
1168 3457 1527 3517 Senescallo
1567 3457 2006 3518 continebatur
2047 3457 2213 3537 quod
2267 3458 2531 3518 instaret
2589 3477 2737 3535 erga
2782 3457 3117 3517 dominum

653 3564 1005 3626 Walterum
1051 3563 1128 3623 de
1170 3563 1494 3641 Hoptone,
1537 3563 1704 3642 quod
1757 3562 1927 3622 dicta
1981 3563 2309 3642 inquisicio
2364 3568 2695 3641 caperetur
2749 3581 2861 3640 per
2900 3561 3115 3640 ipsum

646 3667 868 3728 diebus
925 3673 988 3726 et
1046 3665 1201 3726 locis
1259 3665 1486 3745 quibus
1544 3667 1676 3744 ipse
1746 3667 2141 3728 Senescallus
2204 3675 2417 3745 posset
2480 3667 2803 3736 interesse,
2870 3673 2933 3725 et
2990 3666 3117 3726 hoc

647 3777 810 3834 citra
878 3773 1136 3832 Festum
1210 3772 1426 3833 Sancti
1497 3772 1817 3843 Edwardi,
1889 3773 1981 3831 ita
2050 3772 2217 3852 quod
2284 3780 2499 3850 posset
2581 3791 2693 3850 per
2784 3771 3115 3832 dominum

652 3880 1008 3939 Walterum
1055 3878 1133 3938 de
1175 3877 1535 3947 Budmerle,
1585 3877 1683 3936 vel
1727 3877 2113 3937 Willelmum
2165 3877 2351 3956 GryS,
2396 3877 2460 3936 in
2510 3877 2929 3955 parliamento
2968 3884 3119 3955 post

651 3985 919 4045 Festum
962 3984 1181 4045 Sancti
1225 3984 1555 4044 Michaelis
1597 3984 1963 4054 Londoniis,
2010 3983 2091 4043 ad
2136 3983 2532 4043 Scaccarium
2575 3984 2899 4043 retornari.

651 4250 818 4329 Sept.
861 4250 1564 4329 1.—Acknowled9ment
1602 4253 1672 4331 of
1719 4273 1762 4312 a
1806 4252 1945 4313 debt
1985 4253 2055 4331 of
2088 4251 2292 4330 eiqhty
2332 4251 2539 4313 marks
2584 4259 2641 4312 ιο
2685 4251 2753 4312 be
2794 4250 3013 4331 repaid
3056 4257 3117 4312 ιο

898 4331 1066 4391 John
1104 4331 1177 4392 de
1223 4331 1401 4392 Clare
1442 4339 1508 4392 αι
1553 4331 1916 4394 Christmas.

820 4461 1305 4522 Mnmonmnum
1361 4480 1448 4522 DE
1505 4480 1938 4524 onmeamonn
1995 4463 2249 4524 Donum
2305 4481 2476 4523 ERGA
2536 4462 2577 4523 J
2600 4465 2965 4540 [onanmm]
3026 4481 3117 4523 nn

653 4567 1467 4628 CLARn.-Memorandum
1537 4569 1703 4649 quod
1775 4571 2107 4642 Dominus,
2179 4589 2290 4649 per
2348 4587 2497 4630 suas
2565 4569 2812 4629 litteras
2882 4568 3115 4647 obliga·

653 4673 867 4743 torias,
912 4672 1190 4733 Johanni
1250 4674 1327 4734 de
1385 4674 1587 4747 Clare,
1633 4677 1885 4737 Rectori
1942 4677 2019 4736 de
2074 4676 2426 4748 Colewelle,
2472 4680 2720 4736 tenetur
2775 4676 2841 4735 in
2893 4681 3116 4755 quater

653 4779 872 4857 viginti
914 4779 1143 4838 marcis
1188 4780 1492 4840 bonorum
1549 4782 1987 4860 sterlingorum
2032 4782 2235 4842 eidem
2290 4780 2591 4852 Johanni,
2635 4781 2734 4841 vel
2784 4799 2902 4841 suo
2940 4791 3116 4840 certo

653 4883 1073 4955 Procuratori,
1121 4885 1324 4946 dictas
1367 4886 1609 4947 litteras
1652 4888 2010 4948 restituenti
2056 4888 2223 4968 apud
2266 4888 2515 4948 Novum
2571 4887 2907 4966 Templum
2950 4887 3115 4947 Lon·
