3459 5617
600 482 679 544 62
1249 484 1605 562 Reqistrum
1661 486 1881 545 Thome
1934 486 2007 545 dc
2093 486 2423 565 Cantilupo

605 707 868 777 tenuris,
927 708 1176 769 racione
1233 713 1295 768 et
1349 707 1488 785 jure
1543 709 1827 769 Ecclesie
1882 730 1994 770 sue
2036 710 2337 789 predicte,
2394 730 2511 771 nec
2550 711 2750 772 eciam
2795 712 3075 793 aliquam

610 810 870 871 liberam
903 811 1205 873 Chaciam
1250 832 1370 892 que
1416 812 1533 873 fuit
1576 814 1996 891 predictorum
2041 814 2550 893 predecessorum
2596 816 2792 895 ipsius
2825 817 3067 878 Thome

607 916 909 996 Episcopi
951 917 1373 995 appropriavit
1414 938 1529 977 nec
1571 896 1803 979 foreste
1834 938 1944 978 sue
1973 917 2250 979 attraxit.
2338 920 2425 979 Et
2460 920 2629 999 quod
2657 920 2749 981 ita
2776 921 2861 981 sit
2890 920 3069 1000 ponit

611 1042 680 1083 se
723 1042 910 1101 super
949 1024 1243 1101 patriam,
1277 1030 1396 1084 etc.
1483 1024 1570 1083 Et
1615 1024 1971 1103 Episcopus
2013 1024 2165 1084 dicit
2203 1025 2373 1104 quod
2414 1026 2547 1103 ipse
2586 1025 2819 1086 habere
2862 1026 3069 1099 debet,

608 1133 672 1189 et
741 1130 1212 1208 predecessores
1281 1130 1378 1190 sui
1448 1130 1680 1191 habere
1748 1137 2228 1203 consueverunt,
2292 1132 2545 1193 racione
2611 1132 2895 1194 Ecclesie
2960 1150 3073 1194 sue

608 1236 905 1315 predicte,
958 1236 1214 1297 liberam
1276 1236 1577 1298 Chaciam
1634 1238 1700 1296 in
1755 1237 2053 1316 predictis
2111 1238 2351 1298 tenuris
2406 1238 2487 1299 ad
2542 1238 2757 1299 omnia
2812 1258 2935 1318 que
2990 1239 3070 1300 ad

607 1341 869 1402 liberam
941 1342 1238 1404 Chaciam
1309 1343 1648 1421 pertinent,
1713 1349 1778 1403 et
1848 1343 2014 1422 quod
2082 1344 2403 1421 predictus
2474 1344 2699 1405 Comes
2771 1345 3075 1406 Chaciam

609 1467 724 1508 suo
787 1455 1067 1527 tempore
1131 1448 1249 1509 sibi
1303 1448 1726 1550 appropriavi't
1780 1454 1844 1509 et
1914 1448 2144 1509 foreste
2198 1469 2309 1510 sue
2366 1448 2653 1522 attraxit,
2698 1456 2762 1510 et
2817 1450 2896 1511 de
2954 1451 3071 1512 hoc

611 1556 790 1634 ponit
829 1574 896 1615 se
935 1574 1121 1633 super
1156 1556 1447 1634 patriam.
1535 1555 1687 1615 Ideo
1715 1562 2083 1635 preceptum
2126 1562 2222 1617 est
2263 1556 2631 1618 vicecomiti
2664 1557 2833 1636 quod
2860 1558 3071 1619 venire

613 1661 806 1722 faciat
857 1682 894 1721 a
941 1661 1041 1722 die
1098 1662 1345 1723 Pasche
1399 1664 1462 1721 in
1515 1670 1644 1723 tres
1693 1664 2103 1742 septimanae,
2155 1664 2511 1744 ubicunque
2565 1670 2710 1736 etc„
2764 1665 2872 1744 xij,
2924 1670 3069 1734 etc„

608 1787 720 1847 per
789 1786 966 1847 quos,
1040 1775 1157 1828 etc.
1271 1769 1358 1828 Et
1426 1768 1533 1847 qui
1603 1788 1739 1839 nec,
1811 1778 1956 1837 etc..
2030 1768 2110 1829 ad
2168 1768 2661 1847 recognicionem
2733 1769 2797 1828 in
2867 1769 3072 1831 forma

609 1874 910 1953 predicta.
1026 1875 1148 1949 Qui
1199 1880 1350 1945 tam,
1410 1881 1528 1934 etc.
1645 1875 1876 1935 Postea
1930 1881 2241 1935 venerunt
2295 1874 2559 1953 predicti
2616 1875 2971 1953 Episcopus
3010 1880 3072 1936 et

616 1980 846 2041 Comes
901 1999 1110 2040 coram
1171 1980 1444 2040 Domino
1501 1980 1688 2057 Rege,
1736 1987 1798 2040 et
1852 1980 1917 2039 in
1973 1980 2299 2058 presencia
2347 1979 2543 2058 ipsius
2588 1979 2843 2039 Domini
2886 1980 3073 2057 Regis

611 2087 970 2147 concordati
1013 2094 1162 2147 sunt
1206 2086 1268 2146 in
1327 2086 1530 2145 forma
1581 2105 1705 2165 que
1761 2085 2121 2146 continetur
2160 2085 2225 2145 in
2269 2086 2546 2164 quadam
2594 2085 2836 2156 cedula,
2884 2105 3073 2166 quam

618 2194 930 2254 Dominus
987 2194 1120 2253 Rex
1167 2192 1338 2253 misit
1393 2190 1662 2251 Radulfo
1704 2191 1783 2251 de
1838 2190 2175 2269 Hengham
2219 2199 2282 2250 et
2328 2190 2609 2251 Waltero
2657 2190 2734 2249 de
2792 2190 3071 2269 Helyun,

611 2298 1010 2371 Justieiariis,
1076 2299 1140 2358 in
1203 2299 1320 2358 hec
1369 2298 1578 2369 verba,
1637 2298 1728 2358 Le
1798 2298 2047 2359 Eveske
2118 2297 2195 2357 de
2268 2296 2578 2357 Hereford
2635 2316 2667 2357 e
2733 2297 2791 2356 le
2865 2297 3069 2358 Cunte

611 2404 688 2464 de
762 2403 1130 2465 Gloucestre
1201 2408 1350 2465 sunt
1421 2402 1741 2473 accordez,
1814 2411 1933 2463 etc.
2010 2404 2087 2480 (v.
2140 2421 2202 2481 p.
2274 2404 2400 2477 59).
2527 2402 2613 2462 Et
2682 2407 2904 2479 postea
2974 2401 3071 2461 die

617 2509 846 2569 Martis
889 2510 1173 2587 proximo
1213 2516 1361 2588 post
1407 2508 1805 2568 Dominicam
1846 2509 1911 2567 in
1957 2508 2177 2569 Ramis
2226 2508 2610 2577 Palmamm,
2656 2525 2823 2566 anno
2869 2514 3069 2578 sexto,

611 2612 782 2692 apud
841 2612 1176 2692 Wyndiate
1245 2633 1437 2692 supra
1506 2620 1755 2673 montes
1824 2612 2190 2684 Malvernie,
2245 2618 2551 2672 venerunt
2619 2611 2947 2673 Johannes
3016 2612 3072 2673 16

613 2718 935 2797 Estormy,
982 2718 1300 2779 Galsridus
1345 2719 1422 2778 de
1472 2718 1700 2796 Apetot
1751 2718 1828 2778 de
1874 2716 2234 2796 Hyndelep‚
2280 2716 2595 2778 Robertus
2635 2716 2713 2777 de
2756 2718 2818 2777 la
2856 2716 3069 2796 Folye,

613 2804 922 2887 Ricardus
964 2825 1041 2886 de
1086 2826 1273 2886 Munt
1311 2826 1531 2897 Virun‚
1564 2824 1871 2885 Radulius
1900 2825 2121 2903 Bulge,
2153 2830 2215 2884 et
2245 2825 2442 2885 Adam
2489 2825 2567 2885 de
2613 2823 3071 2902 Oroppethorn,

610 2930 688 2991 de
718 2931 1040 2992 Comitatu
1071 2932 1430 3012 Wygornie,
1463 2932 1768 2993 Osbertus
1797 2932 1873 2992 de
1904 2932 2257 3011 Avenbury,
2304 2932 2583 3015 Bogerus
2625 2931 2683 2991 le
2728 2928 3070 3000 Arblaster,

613 3038 931 3099 Henricus
999 3039 1076 3099 de
1161 3040 1553 3111 Herefordia,
1625 3039 1952 3101 Johannes
2031 3038 2108 3098 de
2196 3040 2529 3116 Maurdyn,
2600 3038 2925 3099 Johannes
2996 3034 3073 3095 de

615 3142 1082 3221 Sweynestone,
1142 3150 1205 3205 et
1254 3145 1574 3206 Walterus
1629 3146 1707 3205 de
1768 3144 2111 3215 Monitone,
2165 3145 2242 3203 de
2301 3144 2619 3205 Comitatu
2679 3140 3069 3212 Herefordie‚

615 3250 829 3328 jurati,
875 3252 982 3331 qui
1026 3251 1244 3312 dicunt
1291 3272 1402 3330 per
1447 3259 1912 3312 sacramentum
1958 3270 2141 3310 suum
2184 3249 2352 3329 quod
2390 3249 2672 3327 predicta
2716 3246 2954 3309 Chacia
2996 3246 3072 3306 de

613 3355 944 3417 Colewelle
987 3363 1050 3417 et
1093 3358 1446 3417 Estenoure
1489 3366 1585 3418 est
1629 3356 1825 3417 libera
1870 3355 2107 3416 Chacia
2133 3355 2285 3414 dicti
2313 3354 2611 3433 Episcopi
2639 3354 2962 3431 pertinens
2992 3350 3073 3411 ad

612 3462 967 3523 Ecclesiam
1021 3482 1202 3524 suam
1251 3464 1617 3543 predictam,
1663 3471 1726 3521 et
1770 3462 1937 3542 quod
1978 3461 2297 3540 predictus
2340 3460 2565 3521 Comes
2608 3479 2735 3519 non
2777 3458 2963 3518 debet
3006 3458 3071 3517 in

611 3587 686 3628 ea
744 3568 1047 3629 chaciare.
1142 3570 1228 3629 Et
1283 3569 1422 3627 ideo
1477 3568 1941 3628 consideratum
1994 3576 2089 3627 est
2143 3566 2311 3646 quod
2358 3566 2674 3646 predictus
2718 3564 3069 3643 Episcopus

613 3679 938 3752 recuperet
992 3673 1336 3752 predictam
1384 3673 1686 3734 Chaciam
1738 3672 1993 3732 liberam
2050 3672 2166 3732 sibi
2211 3678 2273 3733 et
2322 3671 2785 3732 successoribus
2833 3670 2965 3730 suis
3006 3675 3069 3729 et

613 3778 896 3839 Ecclesie
937 3779 1234 3858 predicte,
1267 3777 1502 3857 absque
1546 3778 1664 3837 hoc
1705 3778 1872 3858 quod
1914 3777 2237 3857 predictus
2280 3778 2505 3840 Comes
2548 3779 2647 3838 vel
2680 3777 2944 3839 heredes
2973 3777 3069 3839 sui

613 3902 914 3963 umquam
963 3883 1028 3943 in
1077 3902 1154 3943 ea
1203 3883 1492 3943 chaciare
1542 3883 1833 3943 debeant.
1928 3883 2015 3941 Et
2067 3882 2291 3944 Comes
2340 3884 2405 3943 in
2453 3884 2881 3944 misericordia
2930 3902 3069 3961 par·

611 3989 883 4049 donatur
924 4008 1034 4068 per
1084 3989 1425 4048 Dominum
1475 3988 1728 4067 Regem.
1817 3988 1902 4047 Et
1956 3987 2279 4048 sciendum
2328 3989 2499 4067 quod
2546 3988 2777 4060 brevia,
2824 3988 3065 4060 cedula,

612 4095 933 4174 panellum
977 4094 1374 4155 invenientur
1417 4094 1582 4154 inter
1627 4093 1839 4154 brevia
1884 4093 1961 4153 de
2006 4094 2325 4172 quindena
2368 4094 2633 4165 Pasche,
2680 4114 2845 4155 anno
2892 4098 3069 4161 sexto

611 4201 802 4280 Regis
831 4199 1149 4261 Edwardi.
