3459 5617
658 494 775 554 130
1298 491 1653 571 Reqistrum
1711 492 1932 553 Thomc
1985 492 2059 553 de
2117 491 2449 571 Cantilupo

647 722 715 777 et
782 716 1162 795 quitaverint
1234 716 1375 795 jura
1442 720 1506 776 et
1571 715 1876 785 acciones,
1953 715 2134 794 siqua
2201 714 2292 776 eis
2361 718 2731 795 competunt
2798 714 2863 773 in
2931 713 3126 775 nebus

646 822 936 900 superius
978 822 1337 881 nominatis.
1443 821 1625 895 Quod
1666 820 1788 881 nisi
1831 820 2093 881 fecerint
2135 820 2287 881 dicti
2329 820 2572 891 fratrea,
2617 824 2681 881 et
2722 825 2920 880 terras
2961 839 3125 899 quas

648 926 727 985 ab
776 926 866 987 eis
915 926 1183 987 emimus
1232 926 1549 996 evicerint,
1592 926 1669 986 de
1706 926 1892 986 dictis
1929 926 2289 1005 quingentis
2340 925 2568 985 marcis
2615 931 2906 985 emantur
2952 930 3124 985 terre

644 1031 1091 1111 equivalenteS‚
1143 1036 1207 1092 et
1254 1032 1392 1091 loco
1440 1036 1748 1091 terrarum
1796 1032 2218 1110 predictarum
2267 1031 2700 1110 subrogentur.
2813 1031 2936 1090 Pro
2983 1030 3126 1109 qui-

650 1136 767 1197 bus
808 1137 1167 1216 quingentis
1209 1138 1435 1197 marcis
1478 1137 1713 1197 eisdem
1759 1138 2016 1198 Decano
2056 1142 2121 1197 et
2163 1136 2454 1217 Capitulo
2505 1137 2716 1197 omnia
2763 1136 2928 1197 bona
2973 1157 3123 1197 nos·

648 1247 747 1302 tra
795 1242 1046 1302 mobilia
1094 1242 1457 1321 obligamus.
1542 1242 1630 1303 Et
1678 1263 2004 1322 quousque
2067 1249 2230 1304 terre
2277 1244 2556 1322 predicte
2607 1248 2817 1322 empte
2865 1242 3121 1314 fuerint,

646 1348 743 1407 vel
788 1348 1112 1407 commode
1161 1348 1283 1408 emi
1331 1348 1669 1427 potuerint,
1721 1348 2089 1409 detrahatur
2137 1350 2214 1409 de
2263 1348 2711 1409 distribucione
2760 1349 3125 1427 supradicta

645 1457 956 1531 quantum
1018 1453 1362 1512 secundum
1426 1453 1899 1513 estimacionem
1961 1452 2268 1513 bonorum
2331 1453 2606 1513 virorum
2669 1452 2856 1514 fuerit
2914 1453 3124 1513 detra-

590 1587 595 1591 ’
646 1556 943 1617 hendum.
1054 1557 1361 1617 Volumus
1417 1558 1615 1617 eciam
1672 1563 1737 1618 et
1793 1558 1870 1618 de
1926 1578 2237 1619 consensu
2291 1558 2715 1637 predictorum
2766 1559 3004 1619 Decani
3057 1563 3126 1619 et

646 1661 921 1740 Capituli
984 1662 1345 1723 ordinamus
1415 1662 1600 1742 quod,
1664 1664 2212 1742 quocienscunque
2275 1664 2468 1743 garda
2545 1663 2645 1723 vel
2701 1664 3121 1743 maritagium,

644 1771 756 1826 aut
797 1770 1151 1845 utrumque,
1196 1766 1496 1828 heredum
1532 1767 1631 1829 vel
1673 1788 2107 1829 successorum
2149 1769 2388 1829 domini
2433 1768 2696 1829 Henrici
2740 1769 2817 1829 de
2851 1769 3124 1831 Bradele

644 1871 727 1932 ad
763 1872 1017 1932 eosdem
1055 1872 1380 1932 Decanum
1419 1879 1483 1933 et
1522 1873 1886 1952 Capitulum
1924 1874 2244 1934 devenerit
2278 1893 2531 1953 quoquo
2567 1874 2772 1944 modo,
2811 1873 3122 1935 medietas

646 1977 850 2037 tocius
891 1978 1299 2038 emolumenti
1340 1978 1617 2057 ipsorum
1656 1979 1845 2058 garde
1889 1979 1988 2039 vel
2031 1979 2357 2059 maritagii,
2403 1985 2512 2039 aut
2553 1979 2895 2059 utriusque,
2937 1981 3124 2041 cedat

642 2081 883 2143 eisdem
943 2082 1199 2142 Decano
1259 2088 1323 2143 et
1380 2082 1670 2161 Capitulo
1712 2084 1899 2163 pleno
1941 2085 2097 2164 jure,
2142 2089 2213 2144 ut
2264 2084 2330 2143 in
2374 2084 2495 2144 hoc
2539 2084 2782 2155 saltem,
2831 2085 2884 2146 si
2929 2104 3126 2165 super

645 2188 969 2266 premissis
1013 2188 1079 2247 in
1126 2188 1333 2268 aliquo
1378 2189 1617 2268 gravati
1662 2189 1914 2261 fuerint,
1960 2190 2331 2252 releventur.
2447 2190 2586 2251 Alia
2626 2211 2772 2251 vero
2814 2192 3125 2253 medietas

646 2294 995 2373 applicetur
1035 2294 1266 2355 fabrice
1324 2300 1389 2356 et
1426 2294 1758 2356 refeccioni
1818 2296 2100 2357 Ecclesie
2165 2296 2648 2357 Herefordensis
2705 2297 3120 2358 Cathedralis.

645 2401 734 2462 Et
797 2407 870 2461 ut
914 2401 1167 2462 liberius
1230 2407 1294 2462 et
1355 2401 1658 2462 libencius
1726 2403 2054 2463 memorati
2111 2404 2406 2463 Decanus
2457 2407 2521 2463 et
2587 2404 2946 2482 Capitulum
3009 2403 3124 2463 ad-

648 2506 950 2586 impleant
1019 2512 1083 2567 et
1150 2506 1478 2586 perficiant
1552 2508 1928 2586 supradicta,
2014 2507 2296 2569 volentes
2366 2508 2432 2567 in
2493 2508 2812 2570 beneficiis
2885 2510 3125 2570 nostris

643 2632 1016 2683 excrescere,
1116 2614 1525 2693 quadraginta
1608 2619 1672 2674 et
1741 2614 1898 2675 duos
1953 2613 2144 2675 boves
2199 2635 2385 2694 'quos
2461 2614 2528 2673 in
2600 2615 2769 2675 dicto
2838 2616 3125 2676 manerio

642 2716 1048 2788 habebamuS,
1093 2738 1237 2778 cum
1281 2718 1580 2790 curribus,
1628 2720 1963 2799 quadrigis,
2016 2725 2080 2780 et
2128 2720 2400 2781 carrucis
2451 2720 2682 2781 ibidem
2731 2721 2811 2781 ad
2858 2740 3123 2799 presens

647 2823 1075 2895 existentibus,
1148 2824 1383 2884 eisdem
1452 2824 1738 2885 dedimus
1807 2831 1871 2885 et
1941 2825 2364 2886 concessimus
2432 2845 2575 2886 cum
2631 2826 2972 2906 predictis;
3054 2832 3125 2887 et

642 2932 764 2991 hac
820 2931 955 2991 vice
1022 2931 1311 3010 expensis
1366 2932 1599 2991 nostris
1654 2932 1956 2992 faciemus
2015 2938 2215 2993 terras
2271 2951 2393 3010 que
2447 2930 2815 2993 seminando
2881 2931 3122 2992 fuerint

646 3037 961 3097 seminari.
1072 3036 1207 3116 Ipsi
1276 3056 1422 3097 vero
1492 3038 1788 3097 Decanus
1857 3043 1921 3097 et
1992 3036 2353 3115 Capitulum
2419 3037 2623 3116 primo
2689 3038 3120 3115 supradictam

646 3142 1157 3203 distribucionem
1226 3142 1457 3203 facient
1527 3164 1693 3204 anno
1769 3142 1846 3203 ab
1921 3142 2371 3203 Incarnacione
2447 3141 2703 3202 Domini
2783 3142 3122 3203 millesimo

646 3249 1074 3309 ducentesimo
1124 3248 1638 3328 quinquagesimo
1688 3255 1928 3320 octaVO,
1980 3254 2044 3309 et
2088 3253 2310 3328 postea
2353 3248 2631 3327 quolibet
2677 3268 2843 3307 anno
2887 3248 3120 3327 imper-

645 3360 924 3434 petuum,
982 3361 1168 3434 prout
1224 3362 1321 3416 est
1377 3356 1661 3434 superius
1711 3356 2087 3416 ordinatum.
2173 3354 2253 3414 In
2310 3356 2488 3436 cujus
2537 3355 2626 3415 rei
2682 3356 3121 3415 testimonium

642 3460 919 3540 sigillum
952 3465 1237 3520 nostrum
1270 3460 1667 3539 presentibus
1705 3460 2128 3539 apposuimus.
2215 3460 2452 3519 Datum
2489 3478 2706 3519 mense
2743 3458 3118 3537 Septembri,

646 3585 811 3624 anno
875 3564 1131 3624 Domini
1194 3564 1525 3624 millesimo
1587 3564 2017 3625 ducentesimo
2080 3563 2596 3643 quinquagesimo
2658 3569 2852 3624 sexto,
2978 3564 3120 3625 Nos

645 3690 792 3730 vero
852 3669 1079 3748 prefati
1141 3670 1433 3729 Decanus
1496 3673 1559 3729 et
1622 3668 1985 3747 Capitulum
2048 3668 2471 3745 supradictam
2534 3666 2939 3728 collacionem
2993 3668 3119 3729 sub

644 3776 941 3855 predictis
985 3775 1527 3845 convencionibu8‚
1565 3775 1986 3853 paccionibus,
2029 3780 2092 3835 et
2136 3773 2606 3834 condicionibus
2642 3774 2824 3835 nobis
2858 3774 3113 3847 factam,

640 3888 886 3961 gratam
941 3888 1005 3942 et
1059 3886 1262 3941 ratam
1317 3881 1619 3941 habentes
1675 3887 1742 3941 et
1797 3886 2103 3960 quantum
2161 3880 2226 3938 in
2276 3879 2457 3939 nobis
2507 3883 2620 3949 est,
2673 3879 3115 3958 approbantes,

646 4006 943 4048 vovemus
998 3988 1136 4047 Deo
1191 3992 1254 4047 et
1310 3986 1507 4046 Beate
1564 3986 1765 4046 Marie
1813 3985 2098 4065 genitrici
2156 4004 2284 4055 sue,
2343 3988 2408 4044 et
2463 3984 2664 4045 Beato
2721 3984 3116 4057 EthelbertO,

646 4092 929 4171 Martyri,
988 4092 1401 4172 omnibusque
1460 4092 1707 4153 Sanctis
1765 4093 1904 4163 Dei,
1963 4098 2027 4153 et
2083 4092 2287 4153 eidem
2343 4090 2697 4152 Venerabili
2739 4092 2914 4151 Patri
2968 4112 3114 4170 pro-

644 4197 955 4257 mittimus
983 4196 1146 4257 bona
1173 4197 1295 4258 fide
1322 4198 1535 4257 omnia
1563 4198 1922 4277 supradicta
1949 4196 2322 4277 generaliter
2349 4203 2413 4256 et
2440 4195 2686 4275 singula
2715 4196 3118 4275 singulariter

643 4302 906 4362 firmiter
959 4302 1419 4382 imperpetuum
1470 4302 1798 4364 observare
1847 4308 1911 4363 et
1959 4302 2224 4363 fideliter
2273 4301 2652 4381 adimplere;
2716 4302 2997 4362 volentes
3045 4306 3116 4363 et

641 4411 996 4467 statuentes
1043 4408 1210 4486 quod
1257 4408 1517 4487 quilibet
1566 4408 1940 4479 Canonicus,
1993 4427 2137 4467 cum
2179 4406 2412 4486 jurabit
2457 4411 2696 4467 statuta
2741 4411 2805 4466 et
2849 4426 3114 4468 consue-

642 4503 893 4563 tudines
923 4503 1402 4565 Herefordensis
1432 4504 1712 4565 Ecclesie
1742 4504 2086 4575 observare,
2107 4508 2178 4564 ut
2207 4503 2400 4563 moris
2429 4508 2542 4573 est,
2565 4503 2732 4583 juret
2761 4504 3118 4582 specialiter

641 4602 810 4681 quod
848 4621 921 4661 ea
959 4620 1078 4680 que
1116 4602 1182 4659 in
1218 4602 1613 4681 presentibus
1647 4602 1874 4663 litteris
1909 4601 2312 4662 continentur
2345 4600 2610 4660 fideliter
2647 4600 3114 4679 imperpetuum

640 4696 1013 4759 observabit.
1118 4698 1585 4760 Renunciamus
1621 4699 1820 4759 eciam
1863 4699 1928 4757 in
1970 4699 2090 4758 hoc
2132 4696 2298 4757 facto
2342 4696 2642 4757 beneficio
2683 4697 3114 4759 restitucionis

643 4796 710 4854 in
766 4796 1096 4873 integrum,
1155 4795 1299 4867 doli,
1358 4802 1422 4857 et
1476 4797 1541 4855 in
1596 4796 1834 4857 factum
1890 4794 2146 4865 accioni,
2205 4800 2269 4854 et
2311 4793 2601 4854 omnibus
2643 4793 3112 4857 defensionibus

638 4891 1075 4971 competituris
1125 4897 1189 4953 et
1238 4892 1756 4973 competentibuS,
1808 4898 1871 4953 et
1920 4890 2093 4953 omni
2139 4891 2297 4971 juris
2354 4889 2655 4951 beneficio
2711 4910 2825 4951 seu
2878 4891 3112 4953 auxilio
