3459 5617
49 1134 134 1175 ἔοι.

161 1135 232 1175 30.

1161 456 1462 537 Episcopi
1515 457 1998 536 Hercsordcnsis.
2729 461 2813 522 95

351 704 506 783 Any.
575 707 673 776 24,
741 706 1311 785 1276.—-Warnin9
1396 707 1568 768 letter
1649 714 1706 768 to
1792 708 1890 768 the
1958 706 2145 769 Prior
2210 708 2337 769 and
2410 708 2675 770 convent
2744 709 2817 789 os

591 786 985 857 Leominster,
1041 786 1335 866 insistiny
1390 807 1470 849 on
1524 788 1622 848 the
1675 789 1943 849 removal
1984 789 2055 868 of
2097 788 2193 849 the
2243 789 2391 849 door
2434 789 2638 850 which
2680 810 2807 851 was

596 865 732 945 kept
781 866 994 938 closed,
1039 868 1166 927 and
1201 868 1407 947 fixinq
1458 868 1554 929 the
1595 869 1850 948 penalty
1897 870 1969 949 of
2009 869 2423 931 disobcdicncc
2468 876 2535 930 at
2586 877 2808 949 twenty

583 947 845 1026 pounds.

515 1091 1360 1164 LEOM1N1srRm.—Thomas‚
1409 1098 1547 1164 etc„
1597 1093 1798 1153 Priori
1854 1099 1917 1153 eb
1967 1093 2317 1156 Conventui
2370 1095 2812 1156 Leoministrie

347 1197 633 1269 salutem,
684 1203 803 1258 etc.
907 1198 1005 1259 Ea
1060 1218 1182 1277 que
1231 1198 1406 1259 vobis
1457 1204 1521 1260 et
1570 1199 1829 1261 ecclesie
1885 1207 2092 1261 vestre
2140 1206 2319 1279 grata
2366 1221 2504 1262 esse
2547 1206 2811 1280 possent

346 1304 444 1366 vel
508 1309 780 1383 accepta,
843 1304 1020 1365 novib
1083 1305 1274 1375 Deus,
1339 1303 1727 1377 affectamus,
1789 1326 1904 1366 nec
1967 1305 2243 1368 dolorem
2308 1306 2579 1386 aliquem
2626 1306 2806 1369 vobis

349 1408 636 1470 intulisse
692 1429 804 1470 seu
861 1408 1066 1488 aliqua
1122 1408 1243 1468 alia
1297 1407 1520 1469 fecisse
1570 1409 1973 1469 meminimus
2027 1410 2149 1470 nisi
2207 1410 2313 1471 illa
2368 1410 2809 1472 tantummodo

348 1517 429 1577 ad
483 1536 604 1596 que
658 1536 776 1577 nos
831 1515 1135 1595 compulit
1192 1536 1340 1576 cura
1393 1515 1727 1594 pastoralis
1784 1521 1848 1576 et
1903 1514 2088 1576 officii
2144 1515 2345 1575 nostri
2402 1515 2698 1587 debitum,
2743 1520 2810 1577 et

347 1642 470 1703 que
526 1622 606 1682 ad
661 1642 779 1683 nos
842 1627 906 1682 et
961 1621 1287 1683 ecclesiam
1345 1622 1421 1681 de
1474 1620 1612 1699 jure
1669 1621 1987 1682 communi
2044 1626 2327 1700 spectare
2376 1620 2807 1687 dinoscuntur,

351 1727 514 1788 Sane
576 1726 740 1797 licet,
796 1732 1054 1806 propter
1107 1727 1306 1787 multa
1367 1732 1432 1787 et
1486 1727 1658 1787 varia
1711 1726 1987 1806 pericula
2048 1726 2114 1786 in
2169 1731 2387 1787 nostra
2440 1726 2809 1789 visitacione

348 1832 414 1893 in
476 1830 738 1892 ecclesia
797 1836 1007 1892 vestra
1062 1830 1402 1911 parochiali
1462 1832 1697 1891 dudum
1761 1836 2097 1910 comperta,
2161 1832 2475 1910 quandam
2538 1834 2809 1910 portam¹

349 1957 653 2008 amovere,
697 1957 810 2016 per
857 1957 1044 2017 quam
1093 1938 1488 2016 parochianis
1539 1937 1618 1997 ad
1672 1937 2000 1998 ecclesiam
2046 1937 2248 2015 ipsam
2290 1936 2483 1998 libere
2522 1938 2801 2017 quando-

345 2063 591 2123 cunque
631 2047 875 2123 paberet
917 2062 1224 2113 accessus,
1268 2042 1480 2122 sepius
1523 2042 1912 2103 dedissemus
1964 2042 2081 2103 sub
2131 2026 2319 2103 certis
2366 2041 2585 2103 formis
2626 2042 2806 2103 vobis

345 2150 412 2210 in
453 2151 786 2221 mandatis,
818 2150 1045 2230 quibus
1087 2151 1392 2211 hactenus
1433 2170 1562 2211 non
1603 2149 1813 2211 extitit
1854 2149 2169 2228 paritum;
2213 2148 2294 2210 ob
2335 2148 2503 2228 quod
2529 2153 2809 2210 vestram

345 2256 805 2316 contumaciam
873 2261 938 2317 et
1007 2255 1501 2319 inobedienciam
1569 2254 1752 2316 nobis
1826 2254 2283 2316 reservavimus
2352 2274 2466 2334 pro
2535 2254 2673 2315 loco
2741 2259 2808 2315 et

343 2366 626 2441 tempore
687 2361 1108 2440 puniendam;
1175 2380 1246 2421 ac
1303 2360 1544 2431 ultimo,
1603 2360 1720 2421 sub
1778 2380 1941 2440 pena
1996 2360 2218 2439 viginti
2274 2359 2592 2430 librarum,
2650 2360 2809 2421 illud

343 2467 511 2528 idem
566 2465 728 2527 infra
782 2466 1164 2546 quindenam
1207 2465 1285 2526 ab
1326 2485 1400 2527 eo
1442 2470 1723 2545 tempore
1765 2466 2004 2545 precise
2047 2464 2165 2527 sub
2207 2465 2331 2527 illis
2378 2465 2616 2527 eisdem
2658 2485 2804 2527 con-

343 2572 690 2633 dicionibus
732 2572 1186 2651 injunxerimus
1229 2571 1600 2631 faciendum.
1685 2569 1971 2631 Assiduis
2004 2576 2220 2632 tamen
2246 2570 2474 2633 vestris
2510 2570 2801 2649 precibus

341 2677 589 2749 devicti,
631 2678 972 2737 terminum
1021 2677 1371 2756 predictum
1411 2696 1612 2756 usque
1659 2677 1741 2737 ad
1788 2676 1955 2737 diem
2003 2676 2408 2737 Dominicum
2448 2675 2805 2755 proximum

343 2786 490 2842 ante
532 2780 792 2842 Festum
835 2781 1262 2842 Exaltacionis
1307 2781 1536 2843 Sancte
1585 2781 1821 2853 Crucis,
1867 2781 2030 2841 infra
2070 2781 2238 2861 quod
2279 2785 2531 2860 bempus
2571 2800 2805 2860 penam

341 2888 726 2949 antedicizam
773 2888 996 2967 viginti
1051 2887 1351 2948 librarum
1405 2888 1717 2949 committi
1764 2888 2072 2959 volumus,
2122 2888 2315 2949 vestri
2372 2888 2683 2949 instancia.
2736 2894 2803 2949 et

342 2998 562 3073 rogat-u
615 2994 752 3055 sine
806 2994 1086 3055 ulteriori
1149 2994 1454 3055 dilacione
1515 3013 1962 3075 prorogamus;
2026 2995 2433 3055 decernentes
2494 3014 2569 3054 ex
2632 3012 2805 3073 nunc

339 3098 524 3178 quod,
553 3099 732 3179 lapso
773 3104 1054 3179 tempore
1095 3100 1393 3180 predicte,
1424 3120 1587 3180 pena
1627 3100 2061 3162 committafiur
2102 3100 2419 3161 antedicba
2460 3100 2585 3161 nisi
2625 3120 2803 3160 man-

341 3204 505 3265 datis
545 3206 779 3267 nostris
821 3205 1060 3267 tociens
1095 3225 1285 3285 super
1320 3206 1440 3266 hoc
1469 3205 1644 3267 vobis
1678 3205 1931 3267 directis
1966 3206 2151 3285 plene
2181 3224 2400 3285 parere
2434 3205 2803 3267 curaveritis

340 3310 408 3370 in
463 3311 804 3391 premissis.
889 3312 1186 3373 Valeatis.
1287 3312 1527 3373 Datum
1585 3313 1756 3392 apud
1814 3312 2091 3392 Sugwas,
2151 3311 2212 3372 ix
2271 3311 2589 3373 Kalendas
2650 3311 2799 3391 Sep-

341 3416 619 3489 tembris,
662 3416 1078 3478 Pontificatus
1135 3417 1335 3477 nostri
1389 3437 1556 3478 anno
1610 3417 1833 3497 primo.

339 3658 504 3719 Mar.
545 3662 605 3729 1,
648 3658 1299 3739 1241.-—Inspeoeimu3
1347 3659 1478 3721 and
1524 3658 1952 3738 confirmation
1999 3659 2074 3737 by
2122 3657 2291 3737 Kinq
2334 3656 2550 3737 Hem-y
2595 3663 2659 3738 os
2702 3658 2801 3719 the

589 3738 846 3801 Chartcr
885 3740 957 3819 of
989 3739 1158 3819 Kinq
1200 3740 1383 3801 John.

503 3895 952 3957 Gom-miramo
982 3895 1200 3957 Curre
1221 3897 2016 3967 razn1cwa.-Joha.nnes‚²
2033 3896 2153 3957 Dei
2175 3896 2383 3975 gracia
2403 3896 2538 3957 Rex
2559 3895 2799 3976 Anglie,

339 4008 458 4064 etc.
534 4049 547 4062 .
620 4048 634 4062 .
705 4007 777 4063 ut
819 4022 1025 4082 supra.
1112 4002 1247 4064 Nos
1278 4002 1468 4082 igitur
1501 4003 1566 4062 H
1587 4002 1881 4080 [enricus]
1903 4048 1917 4074 ,
1948 4007 2087 4073 etc„
2116 4000 2526 4063 donacionem
2558 4006 2622 4062 et
2652 4020 2799 4062 con·

338 4107 688 4169 cessionem
730 4108 1150 4187 predicbarum
1193 4108 1555 4169 liberbatum
1597 4112 1767 4168 ratas
1809 4113 1873 4168 et
1913 4113 2123 4187 gratas
2164 4106 2487 4179 habenteS,
2534 4126 2642 4167 eas
2683 4126 2800 4187 pro

337 4212 521 4274 nobis
561 4218 626 4273 et
664 4211 999 4273 heredibus
1039 4212 1273 4275 nostris
1307 4213 1707 4274 concedimus
1736 4216 1801 4273 et
1828 4210 2291 4283 confirmamus,
2322 4211 2486 4272 sicut
2513 4202 2797 4291 predicta

337 4320 529 4382 Carta
569 4317 1029 4380 racionabiliter
1071 4324 1354 4381 testatur.
1452 4318 1598 4379 Hiis
1639 4318 1926 4390 testibus,
1968 4316 2441 4378 venerabilibus
2484 4316 2797 4391 Patribus,

335 4425 459 4497 W„
502 4423 885 4486 Eboracensi
927 4424 1430 4504 Archiepiscop0,
1461 4424 1582 4495 W„
1613 4422 2003 4483 Karleolensi
2045 4421 2380 4501 Episcop0,
2424 4420 2525 4493 N.,
2562 4409 2799 4483 Dunel-

334 4531 540 4593 mensi
568 4530 808 4601 Elecbo,
839 4530 1028 4591 Petro
1071 4530 1149 4591 de
1191 4529 1520 4603 Sabaudia,
1553 4529 1875 4609 Stephano
1904 4528 1981 4589 de
2012 4527 2296 4607 Segi-ave,
2328 4526 2369 4588 J
2370 4526 2638 4600 ohanne,
2668 4526 2799 4591 filio

334 4636 621 4707 Galfridi,
663 4635 980 4697 Willelmo
1022 4636 1100 4697 de
1141 4635 1496 4715 Cantilup0,
1539 4634 1871 4696 Bertramo
1914 4633 2015 4725 de·
2033 4632 2279 4705 Crivile,
2324 4632 2607 4694 Galfrido
2652 4633 2795 4696 Dis-

456 4772 644 4814 1—-This
671 4770 812 4812 order
841 4782 946 4813 was
986 4770 1224 4813 cancelled
1266 4770 1315 4812 ln
1361 4772 1458 4812 1282
1500 4770 1562 4817 bv
1601 4769 1898 4817 Archbishon
1942 4766 2193 4815 Peckham.
2237 4768 2347 4811 who
2380 4766 2589 4810 directed
2626 4768 2737 4811 that
2770 4778 2805 4812 a

326 4835 506 4883 ehapel
539 4833 710 4876 should
746 4833 802 4875 be
837 4833 956 4876 built
989 4834 1193 4877 instead.

321 4940 328 4945 .
453 4902 586 4943 2—1n
613 4902 716 4942 MS.
741 4899 1010 4945 Hem-icus.
