3459 5617
1114 487 1416 568 Episcopi
1471 488 1953 568 Herefordensis.
2646 493 2766 552 209

302 737 769 797 Memorandum
830 739 965 798 that
1026 738 1122 798 the
1181 739 1624 817 sequestratim
1680 759 1758 799 on
1819 740 1916 799 the
1977 740 2220 800 Church
2276 742 2346 818 of
2395 741 2652 801 Ludlow
2707 742 2762 802 is

544 818 813 879 released
870 819 970 879 till
1024 825 1279 898 Auqust.

472 973 851 1034 Rnnmmo
887 975 1836 1043 sequemur—Memorandum
1873 974 2041 1052 quod
2076 984 2468 1053 sequestrum
2503 975 2766 1036 ecclesie

300 1079 380 1138 de
452 1078 794 1139 Ludelawe
863 1089 961 1139 est
1032 1080 1380 1139 relaxatum
1446 1099 1644 1160 usque
1708 1080 1789 1139 ad
1856 1079 2114 1139 Festum
2171 1080 2388 1141 Beatri
2449 1081 2621 1140 Petri
2677 1081 2761 1141 ad

292 1185 565 1246 vincula.

300 1426 455 1503 May
483 1426 884 1486 4.—Licenoc
925 1427 994 1502 of
1026 1426 1475 1487 non-residence
1521 1433 1579 1486 to
1612 1428 1796 1504 study
1821 1429 1932 1502 for
1963 1449 2071 1488 one
2107 1449 2256 1506 year
2269 1431 2440 1505 from
2467 1431 2760 1491 Michael-

545 1527 677 1568 mas
717 1508 976 1585 qranted
1021 1513 1079 1567 to
1126 1507 1382 1568 Thomas
1428 1507 1712 1580 Cantolce,
1745 1509 1970 1569 Rector
2002 1511 2072 1587 os
2101 1511 2198 1570 the
2235 1510 2478 1570 Charch
2516 1516 2589 1587 of
2611 1513 2762 1572 Baz-

548 1588 839 1667 linqham.
944 1587 1203 1648 Similar
1246 1588 1462 1649 liceme
1508 1591 1767 1667 qra‘nted
1812 1598 1870 1650 to
1915 1591 2013 1650 the
2056 1595 2276 1652 Recto‘r
2315 1595 2384 1668 of
2417 1592 2757 1670 Beckbury.

461 1745 780 1804 Lmsucu
843 1745 1575 1817 &vomitur—Thomas,
1636 1751 1782 1817 etc„
1841 1746 2094 1807 domino
2150 1747 2388 1807 Thome
2452 1749 2758 1820 Cantoke,

294 1852 551 1912 Rectori
609 1851 869 1911 ecclesie
932 1851 1147 1911 Sancti
1207 1850 1508 1922 Dubricii,
1571 1851 1861 1922 salutem,
1909 1859 2028 1912 etc.
2131 1854 2282 1913 Tuis
2335 1855 2623 1932 precibus
2665 1855 2757 1914 in·-

297 1957 518 2018 clinati
558 1964 629 2017 ut
663 1958 1013 2019 scolasticis
1051 1957 1395 2036 disciplinis
1436 1976 1473 2017 a
1510 1957 1700 2018 Festo
1738 1958 1924 2018 Beati
1963 1958 2309 2034 Michaelis,
2351 1980 2517 2020 anno
2553 1960 2759 2040 gracie

298 2063 525 2126 M⁰CC⁰
562 2063 1024 2143 septuagesimo
1059 2082 1245 2134 non0,
1276 2083 1499 2124 vacare
1533 2064 1738 2143 possis
1770 2084 1883 2142 per
1919 2085 2154 2124 annum
2189 2065 2579 2138 continuum,
2611 2071 2758 2138 etc.,

296 2170 411 2231 tibi
454 2171 678 2231 damus
720 2169 1045 2230 licenciam
1093 2189 1205 2248 per
1251 2177 1595 2248 presentes.
1684 2169 1762 2228 In
1807 2171 1989 2249 cujus
2042 2169 2153 2242 rei,
2197 2177 2317 2231 etc.
2404 2172 2646 2232 Datum
2687 2173 2755 2231 in

299 2279 573 2338 crastino
610 2275 1007 2336 Invencionis
1046 2275 1275 2336 Sancte
1310 2275 1550 2346 Crucis,
1587 2294 1754 2335 anno
1787 2277 2074 2354 superius
2107 2283 2434 2338 annotatO.
2514 2278 2754 2356 Hujus·

292 2384 464 2444 modi
506 2383 829 2442 licenciam
874 2381 1066 2441 habet
1108 2381 1338 2441 Rector
1379 2381 1457 2440 de
1505 2381 1904 2455 Bekkebury.

302 2656 454 2730 May
523 2653 837 2713 4.—John
905 2651 977 2711 dc
1046 2649 1309 2720 Becclcs,
1372 2649 1635 2728 deputed
1697 2649 1773 2726 by
1836 2649 2035 2710 Adam
2095 2649 2168 2710 de
2227 2649 2466 2728 Fizeby,
2535 2650 2590 2711 is
2659 2651 2755 2710 in·

540 2733 811 2794 structcd
855 2739 913 2792 to
953 2731 1154 2791 watch
1193 2749 1334 2791 over
1378 2731 1475 2790 the
1516 2731 1804 2800 Bishop’s
1831 2729 2116 2790 interests
2157 2730 2226 2790 in
2270 2731 2366 2791 the
2410 2729 2644 2792 actions
2685 2737 2755 2792 at

537 2815 727 2874 Rome
754 2813 963 2874 moved
992 2811 1065 2888 by
1108 2812 1291 2872 Peter
1316 2811 1388 2870 dc
1416 2811 1675 2889 Lanqon
1714 2810 1840 2870 and
1886 2811 1982 2870 the
2011 2811 2243 2890 Bishop
2285 2812 2356 2882 of
2391 2814 2483 2871 St.
2516 2813 2750 2891 Asaph,

537 2895 663 2954 and
722 2903 780 2955 to
835 2900 1041 2972 report
1087 2893 1184 2952 the
1218 2891 1612 2972 proceedinqs
1652 2891 1722 2951 in
1749 2892 1902 2970 full,
1948 2911 2018 2952 as
2061 2892 2191 2952 also
2235 2891 2330 2952 his
2371 2912 2505 2952 own
2548 2900 2750 2953 ter-ms.

540 2981 635 3036 He
690 2976 745 3036 is
801 2976 932 3035 also
991 2981 1048 3033 to
1097 2973 1237 3034 deal
1271 2972 1581 3052 promptly
1625 2973 1778 3032 with
1823 2972 1921 3032 the
1954 2973 2250 3052 petitions
2293 2977 2509 3033 drawn
2547 2994 2632 3052 up
2677 2973 2753 3050 by

537 3058 737 3117 Adam
790 3062 1035 3134 aqamst
1093 3055 1259 3115 John
1308 3054 1380 3114 de
1436 3054 1836 3132 Aquablanca
1888 3054 2015 3113 and
2067 3053 2333 3124 Emeric,
2399 3054 2758 3115 Chanccllor

531 3140 601 3216 os
648 3137 971 3216 Hereford.

455 3297 744 3356 Jomnm
800 3311 887 3353 nn
946 3291 1662 3361 Banasa—Thomas,
1715 3299 1859 3362 etc„
1922 3290 2148 3351 dilecto
2203 3291 2319 3351 sibi
2375 3291 2440 3350 in
2498 3290 2752 3352 Christo

292 3403 562 3472 clerico,
594 3400 873 3462 Johanni
930 3400 1008 3459 de
1057 3399 1291 3459 Bekles
1347 3398 1637 3469 salutem,
1682 3407 1802 3457 etc.
1889 3397 1991 3457 Ex
2047 3398 2248 3457 relatu
2292 3397 2573 3475 magistri
2617 3397 2751 3459 Ade

289 3509 369 3570 de
411 3507 651 3586 Fileby,
697 3503 997 3568 Canonici
1042 3503 1542 3573 Herefordensis,
1576 3507 1932 3581 accepimus
1966 3502 2133 3581 quod
2166 3521 2423 3562 causam
2467 3509 2747 3562 nostram

292 3635 481 3695 quam
528 3614 834 3673 habemus
877 3620 1095 3671 contra
1137 3610 1395 3669 Petrum
1436 3610 1515 3668 de
1559 3609 1861 3686 Langone
1901 3609 1968 3668 in
2011 3609 2298 3668 Romana
2339 3609 2528 3669 Curia
2562 3627 2752 3687 super

292 3720 613 3801 prebenda
652 3719 730 3778 de
772 3718 1077 3777 Prestone
1117 3717 1303 3795 plene
1346 3717 1744 3786 instructam,
1789 3714 1965 3775 vobis
2011 3714 2175 3774 idem
2235 3715 2533 3793 magister
2580 3734 2746 3774 com-

292 3828 532 3888 miserit
579 3823 1061 3885 defendendam.
1164 3822 1470 3897 Quocirca
1516 3827 1792 3882 vestram
1836 3821 2260 3900 prudenciam,
2307 3821 2384 3880 de
2424 3840 2549 3901 qua
2589 3822 2750 3881 mul-

294 3941 428 3994 tum
474 3931 869 4000 confidimus,
916 3937 1158 3988 attente
1198 3946 1495 4006 rogamus
1537 3928 1836 4006 quatinus
1877 3928 2076 4006 ipsam
2126 3946 2382 3987 causam
2425 3947 2624 4007 usque
2666 3928 2748 3988 ad

292 4041 553 4100 Festum
609 4037 792 4098 Beati
849 4035 1197 4105 Michaelis,
1250 4033 1593 4094 secundum
1651 4032 2163 4093 informacionem
2220 4033 2394 4094 vobis
2449 4035 2748 4094 traditam

287 4145 368 4206 ab
425 4145 645 4205 eodem
711 4143 1030 4220 magistro,
1090 4159 1164 4199 ac
1232 4138 1445 4199 omnia
1516 4137 1643 4197 alia
1712 4139 1969 4215 negocia
2039 4158 2153 4199 nos
2208 4138 2749 4219 qualitercumque

290 4251 519 4312 ibidem
558 4249 911 4327 tangencia,
959 4243 1290 4306 defendere
1340 4263 1413 4304 ac
1454 4263 1819 4323 promovere
1861 4244 2124 4305 sollicite
2168 4245 2492 4315 studeatis,
2537 4265 2748 4324 opem-

295 4378 415 4437 que
472 4363 535 4416 et
582 4373 837 4434 operam
884 4350 1403 4412 Procuratoribus
1450 4349 1685 4410 nostris
1727 4352 1794 4408 in
1837 4349 2163 4410 audiencia
2204 4350 2285 4410 ad
2327 4350 2746 4412 resistendum

294 4472 357 4525 et
429 4460 984 4524 contradicendum
1058 4457 1553 4537 quibuscumque
1627 4455 2181 4534 impetracionibus
2248 4455 2746 4517 adversariorum

294 4577 671 4638 nostrorum,
720 4576 783 4627 et
846 4565 1117 4625 maxime
1177 4563 1476 4642 Episcopi
1536 4561 1906 4622 Assavensis
1962 4567 2026 4621 et
2085 4581 2336 4622 suorum
2403 4562 2746 4636 fautorum,

291 4697 555 4760 quorum
620 4672 934 4734 maliciam
999 4671 1336 4750 plurimum
1408 4668 1818 4729 formidamus
1888 4673 2109 4727 contra
2177 4688 2292 4727 nos
2361 4669 2740 4747 impendere,

288 4792 422 4846 toto
472 4783 649 4852 nisu;
709 4789 773 4840 et
820 4799 934 4858 pro
974 4777 1185 4837 labore
1227 4780 1437 4836 vestro
1478 4773 1655 4834 vobis
1696 4775 2154 4834 satisfaciemus
2197 4774 2541 4834 secundum
2584 4774 2743 4835 arbi-

290 4892 480 4953 trium
538 4886 820 4965 magistri
875 4884 1008 4943 Ade
1061 4881 1309 4961 prefati,
1353 4880 1453 4941 vel
1502 4879 1569 4938 in
1627 4879 1854 4958 Anglia
1907 4899 2051 4939 cum
2108 4879 2186 4939 ad
2230 4899 2366 4940 eam
2424 4880 2742 4954 veneritis,
