3459 5617
277 1071 372 1111 1201.
400 1070 496 1113 2⁴1³.

587 518 666 577 76
1219 520 1574 598 chistrum
1632 521 1852 581 Thomc
1904 521 1979 581 de
2040 521 2371 600 Cantilupo

589 742 748 803 Writ
793 750 850 804 to
882 744 978 803 the
1021 743 1258 825 Shcriff
1278 746 1347 825 of
1384 744 1853 824 Heresordshirc
1895 753 1952 805 ιο
1987 745 2253 824 produce
2282 743 2352 804 in
2389 744 2575 805 Gourt
2615 743 2711 803 the
2740 742 3059 822 poaohers

825 830 896 883 m
938 825 1034 884 the
1068 826 1260 904 parke
1303 833 1370 885 at
1413 826 1686 903 Squas,
1732 826 2003 897 Golwall,
2042 826 2347 904 Ledbury,
2388 824 2515 885 and
2562 824 2779 903 Upton,
2818 822 3061 883 named

825 906 898 964 in
939 906 1036 965 the
1075 906 1306 967 verdict
1348 908 1417 985 of
1455 906 1552 967 the
1583 906 1754 985 jury.

743 1060 988 1120 Placita
1029 1080 1239 1121 coram
1281 1060 1322 1121 J
1325 1061 1663 1121 usticiariis
1712 1062 1972 1122 Domini
2019 1062 2226 1141 Regis,
2279 1081 2316 1122 a
2363 1061 2462 1121 die
2518 1059 2764 1121 Pasche
2804 1060 2871 1119 in
2912 1064 3069 1119 tres

583 1168 989 1245 septimanas,
1033 1167 1324 1228 videlicet
1365 1187 1576 1228 coram
1621 1168 1810 1248 Rege.

745 1322 1216 1385 Hesus-onom:
1288 1341 1375 1384 nn
1453 1323 2428 1394 mqms1010mnus.-Dominus
2506 1324 2641 1383 Rex
2712 1320 3053 1381 mandavit

580 1430 948 1494 Vicecomiti
993 1430 1362 1491 Herefordie
1403 1430 1570 1510 quod
1609 1448 1722 1509 per
1763 1436 2231 1492 sacramentum
2272 1430 2609 1509 proborum
2646 1433 2708 1488 et
2743 1426 3053 1505 legalium

578 1537 907 1598 hominum
967 1538 1046 1598 de
1111 1537 1432 1599 Comitatu
1499 1536 1868 1598 Herefordie
1931 1556 2043 1615 per
2095 1555 2272 1615 quos,
2331 1540 2475 1603 etc..
2533 1532 2871 1613 inquireret
2927 1530 3051 1612 qui

577 1644 1014 1705 malefactores
1057 1652 1337 1722 tempore
1378 1642 1734 1703 vacacionis
1778 1644 2178 1721 episcopatus
2214 1640 2478 1721 predicti
2516 1639 2777 1701 fecerint
2816 1638 3047 1716 damp-

579 1768 730 1809 num
775 1748 905 1809 sive
947 1747 1445 1809 destruccionem
1487 1748 1554 1807 in
1595 1750 1799 1827 parcis
1841 1747 1919 1809 de
1960 1748 2239 1826 Sugwas,
2282 1745 2637 1816 Golewalle,
2684 1743 3049 1822 Ledebury,

577 1859 642 1917 et
724 1854 995 1933 Uptone.
1111 1854 1196 1914 Et
1267 1852 1630 1915 Vicecomes
1712 1853 1862 1914 fecit
1932 1852 2396 1932 inquisiciones‚
2468 1869 2627 1931 quas
2698 1847 3059 1910 retornavit

577 1977 791 2019 coram
832 1957 872 2019 J
877 1957 1211 2019 usticiariis
1264 1958 1522 2018 Domini
1567 1958 1775 2037 Regis,
1823 1977 1861 2019 a
1902 1956 2003 2018 die
2046 1957 2291 2017 Pasche
2332 1956 2399 2016 in
2452 1963 2582 2017 tres
2626 1954 3046 2033 septimanae,

577 2063 866 2125 videlicet
900 2064 978 2123 de
1012 2063 1626 2145 transgressionibus·
1649 2064 1835 2124 iactis
1876 2065 1942 2123 in
1985 2064 2189 2142 parcis
2231 2062 2309 2123 de
2356 2061 2633 2141 Sugwas,
2682 2058 3048 2136 Ledebury,

580 2170 930 2241 Oolewelle,
987 2175 1052 2231 et
1103 2170 1398 2249 Uptone;
1459 2190 1571 2249 per
1626 2190 1785 2250 quas
1846 2176 2209 2249 preceptum
2264 2168 2385 2229 fuit
2441 2166 2811 2229 Vicecomiti
2866 2163 3053 2245 quod

578 2282 828 2355 caperet
855 2294 1116 2355 corpora
1145 2276 1618 2336 malefactorum
1647 2277 1736 2336 ita
1777 2276 1945 2356 quod
1987 2276 2245 2336 haberet
2289 2292 2553 2353 corpora
2593 2290 2803 2332 coram
2847 2270 3053 2348 Rege,

583 2399 622 2441 a
661 2380 762 2442 die
807 2381 1040 2442 Sancte
1087 2380 1414 2441 Trinitatis
1460 2380 1526 2439 in
1568 2400 1648 2441 xv
1689 2380 1844 2441 dise.

581 2651 847 2712 Similar
885 2652 1028 2711 writ
1071 2659 1128 2712 to
1173 2652 1270 2712 the
1313 2651 1551 2731 Sheriff
1585 2653 1654 2730 of
1697 2651 2207 2712 Worcestershire.

741 2809 1139 2870 Wmonuu:
1185 2826 1272 2869 ms
1314 2807 2153 2879 QOs1ctomBus.—Idem
2191 2806 2380 2867 breve
2421 2806 2486 2865 in
2518 2804 2839 2867 Comitatu
2890 2802 3047 2883 Wy·

581 2914 794 2991 gornie
833 2920 1220 2975 retornatum
1265 2914 1346 2975 ad
1389 2913 1655 2975 eundem
1698 2914 1886 2985 diem,
1931 2922 2002 2974 ut
2043 2919 2223 2992 patet
2265 2912 2433 2973 alibi.
2520 2912 2727 2987 Quere
2768 2930 2883 2989 per
2922 2910 3055 2971 hoc

583 3019 852 3098 signum¹

585 3298 787 3359 &rant
827 3299 897 3377 of
943 3318 984 3357 a
1029 3318 1335 3375 messuaqc
1389 3299 1460 3357 in
1512 3298 1670 3358 Ros-3
1728 3305 1786 3357 ιο
1844 3296 2057 3374 chry
2106 3296 2179 3356 de
2234 3296 2430 3366 Lacu,
2475 3301 2541 3355 at
2582 3315 2624 3354 a
2663 3293 3053 3370 rent-chame

824 3379 894 3458 of
929 3385 1146 3455 twenty
1187 3378 1373 3438 silver
1405 3378 1677 3457 pennice.

744 3533 958 3594 Onam
1019 3532 1308 3593 Humum
1362 3550 1449 3593 nn
1493 3532 2092 3593 Lirem—Omnibus
2136 3532 2371 3595 Christi
2419 3532 2712 3593 fidelibus
2754 3530 2840 3591 ad
2882 3548 3046 3609 quos

581 3660 839 3720 presens
880 3642 1190 3719 scriptura
1228 3644 1571 3719 perveniet,
1616 3640 1915 3714 Thomas,
1960 3646 2079 3701 etc.
2168 3640 2487 3701 Noveritis
2528 3658 2647 3701 nos
2691 3638 2940 3699 dedisse
2982 3642 3051 3698 et

581 3748 985 3817 concessisse,
1028 3754 1092 3806 et
1148 3745 1267 3806 hac
1321 3746 1597 3825 presenti
1652 3752 1827 3807 carta
1882 3752 2099 3806 nostra
2154 3746 2582 3816 confirmasse,
2627 3744 2911 3805 Henrico
2968 3742 3053 3804 de

569 3850 776 3921 -Lacu,
827 3869 940 3928 pro
988 3850 1248 3911 servicio
1296 3868 1430 3922 suo,
1477 3870 1674 3910 unum
1723 3851 2111 3929 mesuagium
2155 3870 2299 3911 cum
2348 3850 2759 3929 pertinenciis
2803 3848 2937 3910 suis
2979 3847 3051 3909 in

581 3955 731 4017 villa
770 3955 848 4016 de
891 3956 1038 4026 Ros,
1067 3956 1282 4034 jacens
1311 3954 1595 4017 videlicet
1631 3956 1797 4016 inter
1828 3956 2224 4035 curtilagium
2254 3956 2334 4017 ad
2364 3955 2718 4017 manerium
2750 3962 3049 4014 nostrum

580 4062 659 4123 de
715 4063 842 4122 Ros
896 4061 1217 4141 pertinens
1272 4066 1336 4122 et
1390 4062 1623 4140 regiam
1675 4063 1845 4122 viam
1899 4062 2233 4123 ducentem
2285 4080 2505 4123 versus
2556 4060 2926 4140 passagium
2966 4058 3052 4119 de

584 4167 920 4246 Wyltone3
972 4166 1142 4247 quod
1180 4168 1462 4228 continet
1502 4168 1567 4226 in
1609 4167 1995 4245 longitudine
2038 4168 2213 4246 xlviij
2257 4168 2449 4247 pedes
2490 4174 2555 4229 et
2596 4168 2662 4227 in
2706 4165 3054 4226 latitudine

583 4293 709 4334 xxx
752 4273 982 4352 pedes;
1028 4274 1366 4334 tenendum
1409 4279 1471 4335 et
1513 4274 1875 4335 habendum
1916 4273 2036 4335 sibi
2077 4282 2142 4335 et
2184 4273 2525 4336 heredibus
2567 4274 2720 4346 suis,
2768 4276 2868 4335 vel
2912 4273 3051 4335 suis

582 4378 939 4457 assignatis,
984 4378 1061 4438 de
1115 4377 1296 4439 nobis
1337 4384 1399 4438 et
1440 4378 1904 4439 successoribus
1944 4380 2177 4441 nostris
2221 4380 2287 4439 in
2330 4379 2515 4440 feodo
2558 4388 2623 4440 et
2666 4379 3051 4453 hereditate,

581 4483 772 4543 libere
824 4488 887 4543 et
942 4483 1170 4564 quiete,
1234 4482 1393 4543 bene
1448 4489 1511 4544 et
1565 4482 1631 4543 in
1682 4502 1857 4563 pace,
1922 4484 1988 4544 in
2038 4484 2338 4545 omnibus
2392 4484 2583 4545 rebus
2649 4498 2715 4547 et
2770 4485 2927 4546 locis
2984 4492 3055 4546 et

583 4587 976 4648 libertatibus
1043 4586 1110 4646 in
1176 4593 1568 4666 perpetuum.
1683 4587 2028 4648 Reddendo
2102 4589 2249 4651 inde
2319 4589 2657 4649 annuatim
2730 4588 2916 4649 nobis
2986 4595 3058 4651 et

583 4692 1043 4753 successoribus
1109 4691 1338 4753 nostris
1405 4692 1539 4772 ipse
1607 4701 1671 4753 et
1742 4693 2003 4755 heredes
2060 4694 2178 4768 sui,
2244 4695 2345 4755 vel
2408 4694 2715 4774 assignati
2780 4694 2901 4767 sui,
2968 4714 3059 4756 xx

581 4795 871 4857 denarios
928 4796 1166 4875 argenti
1223 4797 1304 4858 ad
1361 4806 1632 4877 quatuor
1687 4798 1993 4860 terminos
2058 4802 2209 4860 anni
2264 4800 2332 4858 in
2387 4799 2539 4861 villa
2594 4802 2673 4863 de
2728 4800 2859 4861 Ros
2900 4819 3057 4862 con-

680 4932 902 4978 l—Soace
927 4942 1028 4973 was
1055 4929 1141 4972 left
1166 4932 1380 4978 opposite
1405 4936 1456 4973 to
1481 4932 1579 4974 thIs
1605 4931 1680 4975 for
1705 4945 1737 4975 a
1761 4933 1921 4977 device
1947 4937 1999 4976 to
2024 4934 2081 4976 be
2106 4934 2287 4983 drawn.
2316 4936 2403 4978 but
2430 4936 2468 4979 it
2495 4948 2600 4980 was
2626 4940 2713 4979 not
2738 4935 2867 4978 filled
2894 4948 2976 4985 up.
