3459 5617
74 3294 159 3334 1³0⁴.
182 3296 247 3335 87.

1205 466 1507 547 Episcopi
1561 468 2045 548 Heresordensts.
2742 475 2861 536 125

378 712 543 791 July
568 713 991 775 14.—Walter
1024 714 1097 775 de
1138 716 1381 776 Burton
1422 716 1531 776 has
1577 715 1776 777 letters
1817 718 1889 796 of
1923 717 2284 779 institution
2326 726 2383 780 ιο
2423 719 2520 780 the
2562 719 2854 799 Vicaraqe

628 795 1061 953 Ξζαξῖἔίιίῐῖςιοω,
1095 796 1443 875 possession
1481 798 1552 877 of
1583 797 1787 857 which
1829 798 1953 858 had
1992 799 2134 859 been
2170 798 2363 878 before
2403 800 2852 879 conditionally

550 1030 1576 1093 Bn1nns‘rowu.—-Memorandum
1631 1034 1801 1113 quod
1841 1035 2133 1097 dominus
2178 1035 2496 1097 Walterus
2551 1037 2629 1097 de
2677 1037 2855 1098 Beri-

378 1141 537 1197 tone
596 1137 873 1217 optinuit
939 1137 1213 1199 litteram
1281 1138 1706 1200 institucionis
1775 1140 2003 1201 vicarie
2071 1141 2148 1202 de
2218 1141 2624 1213 Bridestowe,
2689 1142 2858 1222 apud

378 1241 666 1321 Sugwas,
717 1242 759 1321 ij
812 1243 966 1304 Idus
1020 1243 1191 1315 Julii,
1248 1265 1415 1306 anno
1470 1246 1866 1324 supradicto;
1931 1248 2112 1325 cujus
2161 1247 2337 1327 prius
2388 1248 2856 1327 possessionem

370 1348 660 1427 optinuit
700 1368 813 1427 per
854 1348 1198 1410 Officialem
1239 1350 1318 1409 ad
1359 1352 1728 1411 mandatum
1772 1353 2030 1412 Domini
2079 1352 2590 1415 condicionaliter
2643 1355 2850 1416 eidem

376 1453 655 1515 Officiali
698 1454 1022 1514 directum.

370 1746 642 1809 Licence
681 1748 752 1826 of
786 1746 1237 1808 non-residence
1265 1747 1375 1826 sor
1413 1768 1454 1808 a
1491 1768 1639 1826 year
1681 1756 1740 1809 to
1781 1749 1966 1827 study
2008 1749 2064 1809 is
2106 1750 2362 1827 qranted
2406 1757 2463 1811 ιο
2505 1750 2732 1811 Robert
2773 1751 2849 1813 de

630 1828 819 1905 Lacy,
861 1827 1084 1888 Rector
1136 1828 1206 1907 os
1252 1830 1593 1908 Brampton
1639 1830 1873 1907 Bryan,
1917 1837 1985 1891 αι
2028 1830 2126 1891 the
2166 1829 2442 1893 instance
2482 1832 2553 1911 of
2586 1832 2852 1893 Brother

632 1908 875 1988 Joseph,
935 1909 1032 1970 the
1087 1908 1305 1987 Kinq’s
1368 1910 1710 1971 Treasurer.

550 2066 951 2126 Bnourronu
1020 2066 1252 2137 Banu,
1318 2082 1623 2127 mouson
1691 2066 2614 2129 srunnnn1.—Memorandum
2681 2068 2854 2149 quod

376 2172 720 2243 Dominus,
764 2171 845 2232 ad
897 2171 1275 2232 instanciam
1329 2171 1541 2232 fratris
1595 2171 1635 2233 J
1637 2190 1808 2251 osep,
1867 2171 2266 2233 Thesaurarii
2325 2172 2578 2233 Domini
2635 2173 2846 2253 Regis,

376 2278 662 2339 Roberto
699 2278 779 2339 de
813 2278 1021 2350 Lasci,
1052 2278 1305 2340 Rectori
1342 2279 1420 2339 de
1461 2279 1850 2359 Bromptone
1881 2280 2096 2351 Briau,
2127 2280 2499 2341 litteratorie
2536 2280 2850 2341 concessit

376 2388 551 2466 quod
614 2405 654 2445 a
722 2384 911 2445 Festo
983 2384 1198 2445 Sancti
1271 2384 1622 2458 Michaelis,
1693 2405 1863 2447 anno
1932 2387 2186 2446 Domini
2257 2385 2844 2465 M0GG0LXX⁰vij⁰

376 2509 584 2571 usque
651 2490 720 2550 in
788 2510 1025 2551 annum
1094 2489 1463 2550 continuum
1526 2490 1725 2569 possit
1789 2492 2137 2553 scolasticis
2193 2492 2537 2573 disciplinis
2600 2513 2850 2557 vacare.

378 2598 628 2660 Datum
680 2597 847 2677 apud
905 2596 1185 2677 Sugwas.

375 2891 539 2970 July
605 2889 1086 2950 20.—M'andate
1150 2895 1207 2949 ιο
1272 2889 1369 2950 the
1442 2888 1682 2967 Official
1750 2896 1808 2949 ιο
1868 2889 1986 2950 cite
2048 2889 2273 2961 James,
2332 2890 2723 2953 Arehdeacon
2782 2893 2857 2972 os

626 2971 833 3049 Salop,
892 2978 951 3031 ιο
1006 2990 1235 3049 appear
1291 2970 1483 3049 before
1547 2970 1645 3030 the
1704 2969 1943 3049 Bishop
2004 2990 2073 3030 or
2131 2970 2226 3031 his
2285 2971 2726 3033 commissam-ies
2786 2980 2846 3034 ιο

624 3071 859 3212 αἶρωεν
901 3052 1011 3131 Ῐοτ
1069 3049 1379 3130 plurality
1441 3051 1511 3130 of
1573 3050 1870 3128 benefices,
1939 3050 2409 3123 non-residence,
2479 3053 2606 3113 and
2671 3054 2846 3115 other

626 3154 659 3193 o
710 3152 894 3193 ences.

543 3290 811 3351 Glrsclo
880 3288 1359 3349 Aucmmsoom
1430 3286 2113 3359 Summa—Thomas,
2187 3292 2332 3358 etc..
2405 3287 2669 3350 Officiali
2733 3308 2850 3351 suo

370 3396 669 3469 salutem,
730 3403 850 3457 etc.
952 3394 1205 3470 Quanto
1261 3400 1505 3454 statuta
1560 3392 1866 3453 canonica
1922 3392 2193 3453 salutem
2242 3392 2441 3472 magis
2495 3394 2838 3472 respiciunt

373 3504 755 3574 animarum,
819 3506 1003 3562 tanto
1063 3520 1140 3561 ex
1198 3499 1383 3560 officii
1440 3498 1639 3559 nostri
1702 3497 1914 3558 debito
1975 3498 2237 3558 eandem
2311 3498 2534 3579 exequi
2607 3498 2840 3563 sorcius

374 3610 747 3689 obligamur,
818 3615 883 3669 et
951 3606 1348 3669 districcione
1416 3605 1721 3666 canonica
1804 3604 2348 3664 contravenientes
2428 3623 2543 3683 pro
2610 3604 2849 3668 viribus

374 3716 729 3778 cohercere.
815 3714 974 3776 Cum
1016 3713 1203 3792 igitur
1228 3711 1323 3773 vir
1355 3710 1726 3772 venerabilis
1769 3717 1832 3770 et
1875 3710 2186 3769 discretus
2227 3709 2528 3789 magister
2568 3710 2607 3771 J
2611 3711 2847 3774 acobus

374 3821 873 3883 Archidiaconus
916 3820 1166 3898 Salopie
1206 3820 1273 3879 in
1314 3816 1531 3877 multis
1573 3815 1940 3887 obviaverit,
1985 3821 2056 3875 ut
2099 3815 2476 3894 accepimus,
2525 3816 2846 3879 canonicis

371 3927 705 3998 institutis,
747 3926 925 3987 vobis
979 3930 1197 3985 tenore
1250 3922 1643 4003 presencium
1698 3921 1963 3981 firmiter
2018 3920 2405 3999 injungendo
2463 3921 2841 3984 mandamus

375 4034 680 4113 quatinus
714 4030 955 4091 dietum
997 4028 1520 4089 Archidiaconum
1562 4024 1980 4105 peremptorie
2023 4024 2230 4085 citetis
2270 4024 2437 4104 quod
2479 4032 2842 4105 compareat

376 4158 589 4200 coram
630 4138 813 4198 nobis
852 4136 954 4197 die
993 4136 1255 4197 Veneris
1296 4134 1579 4213 proximo
1619 4139 1766 4212 post
1808 4131 2286 4192 Exaltacionem
2328 4131 2559 4191 Sancte
2600 4130 2842 4205 Crucis,

374 4244 732 4325 ubicunque
790 4249 941 4303 tunc
1002 4240 1303 4302 fuerimus
1364 4240 1429 4299 in
1487 4240 1880 4318 Episcopatu
1939 4246 2177 4309 nostre,
2241 4236 2340 4298 vel
2402 4254 2615 4296 coram
2673 4254 2840 4297 com·

378 4350 681 4412 missariis
737 4348 968 4409 nostris
1019 4346 1086 4407 in
1140 4346 1365 4425 maiori
1414 4346 1703 4407 Ecclesia
1753 4343 2222 4415 Herefordensi,
2272 4343 2325 4403 si
2367 4360 2485 4403 nos
2528 4342 2694 4402 dicto
2737 4342 2839 4404 die

378 4463 557 4518 extra
598 4455 1054 4535 Episcopatum
1097 4459 1383 4513 nostrum
1424 4471 1561 4513 esse
1603 4451 1950 4529 contingat,
1980 4468 2105 4530 quo
2145 4450 2282 4527 jure
2323 4446 2505 4526 plura
2537 4446 2843 4508 beneficia

375 4582 587 4624 curam
633 4560 988 4623 animarum
1030 4558 1336 4620 habencia
1378 4557 1667 4630 retineat,
1697 4566 1761 4617 et
1804 4575 1997 4637 quare
2039 4554 2105 4615 in
2150 4572 2265 4615 suo
2307 4551 2839 4613 Archidiaconatu

372 4669 720 4732 secundum
761 4667 1029 4729 formam
1066 4664 1560 4727 Constitucionis
1596 4683 1725 4725 non
1766 4664 2056 4734 resideat,
2102 4669 2489 4733 ostensurus,
2543 4665 2606 4719 et
2650 4678 2840 4739 super

372 4784 699 4857 sequestro
739 4787 956 4834 nostro
995 4771 1061 4831 in
1101 4770 1419 4850 prebenda
1460 4789 1576 4830 sua
1630 4769 1708 4829 de
1764 4767 2095 4845 Ledebury
2141 4765 2413 4837 violato;
2472 4783 2719 4825 necnon
2773 4769 2839 4826 et

374 4900 559 4963 super
625 4878 991 4941 criminibus
1058 4878 1179 4939 sibi
1247 4875 1589 4937 obiciendis
1656 4892 2092 4955 responsurus,
2170 4876 2234 4931 et
2299 4870 2422 4950 juri
2489 4870 2832 4951 pariturus.
