3459 5617
662 486 739 547 72
1295 485 1650 563 Reqistrum
1708 485 1928 545 Thome
1983 485 2056 545 de
2117 483 2449 563 Cantilupo

666 710 983 790 predictos
1039 710 1123 788 xij
1182 730 1371 789 quam
1427 710 1798 790 predictum,
1843 710 1989 769 licet
2045 728 2119 767 ex
2174 712 2351 787 parte
2407 705 2664 766 Domini
2719 706 2909 785 Regis
2958 706 3051 766 eis
3091 725 3127 766 a

662 835 765 876 me
835 815 1068 894 pluries
1137 815 1219 875 ad
1287 815 1406 875 hoc
1477 814 1834 875 faciendum
1905 820 2071 874 esset
2135 813 2512 892 injunctum,
2576 812 2784 873 adhuc
2840 819 3125 873 remanet

672 922 924 982 infecta.
1031 922 1117 980 Et
1176 921 1480 1000 premissa
1531 920 1706 981 vobis
1766 920 2047 999 significo
2106 926 2177 980 ut
2231 919 2400 994 quod
2454 920 2697 999 justum
2745 918 2933 979 fuerit
2982 919 3127 981 inde

663 1028 798 1089 fieri
841 1028 1038 1089 facias
1059 1050 1073 1101 ;
1133 1036 1196 1089 et
1245 1028 1563 1108 predictos
1605 1028 1837 1088 milites
1880 1028 1996 1087 feci
2039 1026 2249 1088 venire
2291 1046 2502 1087 coram
2546 1046 2647 1087 me
2690 1026 2773 1086 ad
2813 1026 3128 1105 predictas

667 1141 886 1207 terraS,
935 1134 1013 1195 ad
1069 1134 1355 1213 predicta
1411 1134 1718 1206 facienda,
1771 1133 1873 1193 die
1931 1132 2263 1193 Dominico
2317 1133 2603 1212 proximo
2656 1137 2799 1211 post
2854 1133 3129 1195 Octabas

671 1242 888 1303 Sancti
945 1242 984 1303 J
989 1241 1256 1302 ohannis
1312 1241 1626 1319 Baptiste.
1734 1241 1822 1299 Et
1872 1239 2107 1301 sciatur
2148 1238 2315 1318 quod
2358 1240 2668 1299 maximus
2708 1238 2993 1300 defectus
3035 1244 3130 1301 est

670 1348 940 1408 militum
1000 1348 1207 1427 gladio
1264 1348 1610 1408 cinctorum
1668 1348 1735 1406 in
1792 1346 2115 1407 Comitatu
2174 1345 2441 1423 Salopie‚
2492 1345 2585 1405 ita
2628 1345 2794 1425 quod
2854 1345 2955 1405 vix
3006 1347 3132 1407 tale

681 1453 1057 1538 [negocium]
1105 1460 1316 1534 potest
1373 1453 1701 1533 adimpleri
1764 1473 1876 1532 per
1932 1452 2161 1512 milites
2203 1451 2410 1530 gladio
2452 1452 2711 1523 cinctos,
2756 1452 2881 1513 nisi
2922 1452 3031 1514 alii
3071 1458 3135 1514 et

661 1560 838 1620 liberi
881 1560 1110 1639 legales
1151 1559 1438 1621 homines
1481 1560 1571 1619 eis
1611 1558 1977 1637 jungantur.

667 1817 754 1876 As
801 1816 896 1876 the
941 1816 1178 1893 Sherz'ff
1216 1816 1338 1875 had
1378 1823 1484 1876 ‘not
1525 1816 1698 1877 acted
1740 1838 1819 1877 on
1862 1817 1958 1877 the
1999 1818 2141 1878 writ
2184 1818 2557 1895 instructiny
2601 1818 2731 1877 him
2787 1826 2845 1879 to
2901 1817 3135 1897 inspect

910 1896 1061 1956 with
1091 1899 1244 1976 four
1284 1898 1434 1974 duly
1478 1898 1773 1975 qualified
1822 1899 2089 1975 Km'qhts
2142 1900 2238 1960 thc
2295 1898 2657 1960 bo‘zmdaries
2712 1907 2779 1959 at
2832 1900 3133 1978 Lydbmy

912 1978 1130 2047 North,
1190 1978 1315 2037 and
1369 1986 1569 2057 repert
1628 1978 1885 2049 thereo‘n,
1924 1980 2175 2059 further
2228 1980 2627 2041 instructions
2684 2001 2789 2040 are
2841 1980 3023 2058 qivcn
3078 1990 3135 2041 to

908 2078 980 2136 90
1021 2058 1174 2117 with
1219 2059 1436 2129 twelvc,
1481 2058 1606 2118 ancl
1645 2066 1848 2138 repert
1892 2067 1949 2120 to
1995 2060 2091 2121 the
2134 2060 2419 2121 Justices.

836 2204 1592 2283 SAL0P1A.—Preceptum
1661 2204 1783 2263 fuit
1852 2205 2238 2277 vicecomiti,
2312 2205 2475 2265 sicut
2542 2205 2699 2265 alias
2765 2213 3133 2285 preceptum

675 2310 812 2379 fuit,
885 2309 1050 2388 quod
1121 2310 1463 2387 assumptis
1532 2328 1743 2369 secum
1820 2316 2092 2388 quatuor
2158 2308 2630 2371 discrecioribus
2697 2317 2761 2370 et
2796 2310 3138 2387 legalibus

677 2415 985 2477 militibus
1028 2416 1104 2475 de
1149 2416 1472 2476 Comitatu
1515 2416 1578 2475 in
1620 2416 1872 2495 propria
1912 2436 2183 2495 persona
2224 2435 2339 2477 sua
2392 2416 2715 2477 accederet
2769 2416 2847 2477 ad
2899 2423 3134 2478 terram

671 2522 970 2603 Episcopi
1014 2522 1496 2582 Herefordensis
1539 2521 1616 2581 de
1657 2522 1989 2601 Ledebury
2034 2522 2261 2595 North,
2308 2528 2371 2583 et
2413 2531 2643 2583 terram
2691 2523 2860 2582 Petri
2904 2522 3135 2584 Corbet

672 2629 738 2689 in
837 2628 1030 2699 Cauz,
1116 2630 1206 2688 ita
1301 2628 1468 2706 quod
1562 2627 2031 2707 perambulacio
2125 2628 2255 2701 illa,
2346 2633 2465 2689 etc.
2590 2628 2679 2689 Et
2768 2628 3135 2691 Vicecomes

673 2734 868 2796 nichil
929 2734 1076 2795 inde
1147 2734 1313 2796 fecit.
1417 2733 1571 2795 Ideo
1641 2734 1805 2795 sicut
1872 2734 2105 2812 pluries
2166 2740 2532 2813 preceptum
2600 2739 2698 2795 est
2760 2735 3133 2797 vicecomiti

672 2841 863 2922 quod,
930 2842 1270 2920 assumptis
1333 2860 1544 2901 secum
1606 2840 1687 2918 vij
1748 2840 2035 2900 discretis
2090 2846 2155 2900 et
2211 2838 2517 2919 legalibus
2576 2839 2883 2900 militibus
2946 2846 3010 2900 et
3070 2839 3136 2899 in

680 2946 934 3026 propria
1001 2966 1270 3026 persona
1341 2966 1455 3008 sua
1523 2946 1801 3017 accedat,
1876 2953 2019 3017 etc.,
2097 2947 2190 3006 ita
2258 2947 2425 3025 quod
2491 2946 2961 3026 perambulacio
3026 2948 3139 3008 illa

673 3054 787 3113 fiat
826 3073 937 3133 per
975 3058 1179 3113 certas
1219 3060 1424 3113 metas
1461 3058 1524 3113 et
1562 3051 1814 3123 divisas,
1854 3057 1917 3112 et
1954 3052 2119 3132 quod
2164 3052 2321 3113 scire
2363 3052 2551 3113 iaciat
2591 3052 2971 3113 Justiciariis
3009 3053 3133 3126 hic,

675 3178 714 3219 a
758 3158 858 3219 die
919 3158 1136 3219 Sancti
1181 3157 1511 3218 Michaelis
1554 3158 1618 3216 in
1660 3176 1857 3218 unum
1901 3177 2204 3229 mensem,
2250 3157 2366 3219 sub
2410 3157 2609 3237 sigillo
2652 3176 2766 3218 suo
2806 3166 2873 3219 et
2914 3158 3136 3237 sigillis

675 3271 948 3344 quatuor
1002 3263 1272 3323 militum
1335 3284 1410 3323 ex
1460 3263 1584 3322 illis
1633 3264 1739 3343 qui
1788 3263 2320 3341 perambulacioni
2362 3264 2779 3335 interfuerint,
2823 3283 2935 3343 per
2975 3284 3137 3345 quas

671 3378 879 3430 metas
922 3377 986 3430 et
1027 3370 1260 3430 divisas
1301 3368 1765 3448 perambulacio
1807 3369 2089 3447 predicta
2130 3370 2299 3429 facta
2339 3370 2545 3431 fuerit.
2638 3370 2725 3430 Et
2768 3370 2925 3430 sciat
2968 3371 3138 3450 quod

673 3476 944 3553 graviter
999 3475 1379 3535 amerciatus
1435 3484 1532 3533 est
1589 3492 1662 3534 eo
1717 3474 1881 3553 quod
1941 3484 2303 3553 preceptum
2350 3476 2605 3538 Domini
2650 3476 2856 3554 Regis,
2900 3477 3138 3555 pluries

674 3580 820 3641 inde
871 3580 989 3641 sibi
1039 3580 1366 3651 directum,
1413 3600 1536 3639 non
1589 3588 1685 3640 est
1736 3587 2073 3655 executus;
2134 3589 2196 3643 et
2240 3584 2489 3661 gravius
2531 3584 2976 3645 amerciabitur
3013 3586 3138 3647 nisi

670 3687 792 3749 hoc
831 3696 1194 3768 preceptum
1242 3689 1497 3749 Domini
1539 3689 1728 3767 Regis
1769 3690 2017 3767 plenius
2057 3699 2420 3770 exequatur.

677 3944 830 4022 July
873 3946 970 4013 14,
1014 3942 1444 4003 1278.-Wr2.·t
1489 3951 1545 4004 to
1591 3944 1686 4003 the
1732 3944 1970 4023 Sheraeff
2016 3947 2296 4025 warninq
2355 3947 2484 4008 him
2540 3949 2672 4009 that
2724 3948 2793 4009 he
2839 3950 2949 4010 has
2994 3950 3140 4011 been

906 4024 1077 4103 fined
1107 4025 1216 4102 sor
1259 4024 1352 4083 his
1394 4025 1637 4101 neqlect,
1681 4026 1809 4085 and
1848 4026 1980 4085 will
2022 4027 2087 4087 be
2117 4028 2288 4105 fincd
2328 4049 2488 4089 more
2532 4029 2773 4108 heuvily
2814 4031 3017 4092 unless
3068 4032 3139 4093 he

914 4105 1086 4182 obeys
1129 4104 1350 4165 orders.

846 4249 1243 4310 SALOPIA.—
1267 4248 1398 4308 Rex
1467 4249 1835 4309 Vicecomiti
1907 4250 2193 4329 salutem.
2307 4252 2696 4330 Precipimus
2764 4253 2898 4326 tibi,
2972 4256 3137 4317 sicut

679 4356 913 4435 pluries
971 4353 1086 4414 tibi
1146 4354 1557 4433 precepimuS,
1616 4355 1783 4434 quod
1847 4356 2188 4435 assumptis
2252 4364 2461 4417 tecum
2516 4358 2600 4437 xij
2653 4358 2958 4432 discreti8‚
3012 4368 3133 4422 etc.

683 4462 772 4522 Et
825 4462 986 4521 scias
1033 4461 1195 4540 quod
1247 4461 1515 4538 graviter
1564 4463 1939 4521 amerciatus
1988 4480 2076 4533 οε,
2120 4481 2195 4522 eo
2238 4462 2403 4541 quod
2444 4470 2807 4542 preceptum
2848 4472 3136 4526 nostrum

689 4567 834 4627 inde
877 4566 988 4626 tibi
1041 4567 1345 4626 directum
1397 4586 1522 4625 non
1573 4585 1641 4626 es
1697 4574 1999 4628 executus
2056 4568 2217 4628 sicut
2272 4567 2385 4627 tibi
2439 4577 2801 4648 preceptum
2858 4570 3013 4643 fuit;
3074 4578 3143 4633 et

680 4672 931 4750 gravius
975 4670 1409 4731 amerciaberis
1451 4673 1571 4732 nisi
1616 4672 1734 4732 hoc
1771 4680 2133 4752 preceptum
2170 4682 2455 4733 nostrum
2498 4675 2745 4754 plenius
2786 4678 3137 4756 exequaris.

673 4902 840 4943 anno
894 4882 1068 4960 regni
1123 4881 1320 4942 nostri
1375 4889 1570 4941 sexto.
