3459 5617
577 491 658 551 34
1217 489 1572 567 Registrwm
1630 489 1851 549 Thomc
1902 488 1977 549 de,
2036 487 2369 567 Cantibupo

578 740 1317 810 Jan.22,1276.-Wr2't
1357 746 1415 801 ιο
1456 739 1553 800 the
1593 738 1834 817 Sheriff
1866 738 1937 817 of
1974 736 2487 799 Gloucestershire
2531 744 2588 797 to
2626 756 2905 797 summon
2946 734 3051 795 the

824 821 986 880 Earl
1038 822 1108 900 of
1160 822 1509 881 Gloucester
1565 826 1622 879 ιο
1678 839 1909 899 appear
1976 818 2049 878 in
2120 818 2308 879 Gourt
2377 837 2449 877 m
2516 817 2755 896 defeme
2816 817 2887 894 of
2944 814 3045 875 his

821 902 1053 980 allcqed
1117 908 1381 981 trespass
1439 920 1520 962 on
1583 900 1680 961 the
1751 900 2037 979 Bishop’s
2106 899 2319 970 Chasa,
2386 918 2455 959 as
2522 898 2619 959 the
2682 897 2916 976 batliffs
2982 897 3057 976 of

829 982 1224 1061 Tewkesbury
1273 982 1396 1042 had
1443 988 1548 1042 not
1595 980 1771 1042 acted
1817 1001 1897 1041 on
1947 980 2044 1040 the
2093 978 2496 1040 instructions
2546 977 2741 1057 qivcn.

747 1138 1009 1199 CONTRA
1051 1137 1360 1198 Coun-nu
1405 1132 2419 1218 Gnouossmam.—E[dwardus]‚
2465 1134 2585 1195 Dei
2626 1133 2855 1213 gracia,
2900 1138 3049 1205 etc„

583 1244 952 1305 Vicecomiti
1022 1242 1414 1304 Gloucestrie
1485 1242 1774 1303 salutem.
1886 1240 2276 1320 Precipimus
2342 1239 2457 1301 tibi
2539 1238 2843 1319 quatinus
2920 1257 3051 1299 non

586 1348 866 1420 omittas,
923 1356 1179 1428 propter
1232 1347 1590 1409 libertatem
1646 1347 1724 1407 de
1781 1346 2210 1424 Thekesbyry,
2272 1345 2423 1425 quin
2480 1364 2881 1405 summoneas
2936 1363 3051 1423 per

528 1493 534 1501 ·
585 1456 784 1517 bonos
833 1456 1318 1517 summonitores
1368 1454 1724 1515 Gilbertum
1774 1452 1853 1513 de
1910 1451 2111 1523 Clare,
2166 1450 2478 1513 Comitem
2528 1450 2925 1511 Gloucestrie
2982 1454 3049 1509 et

589 1560 1001 1632 Hertfortdie‚
1053 1560 1220 1642 quod
1271 1560 1354 1621 sit
1403 1579 1615 1621 coram
1667 1558 1847 1619 nobis
1898 1559 1963 1617 in
2010 1556 2272 1620 Octabis
2323 1554 2797 1616 Purificacionis
2845 1554 3051 1613 Beate

587 1666 809 1739 Marie,
841 1666 1196 1745 ubicunque
1231 1670 1382 1725 tunc
1416 1664 1721 1726 fuerimus
1754 1664 1820 1723 in
1851 1663 2095 1741 Anglia,
2127 1661 2211 1723 ad
2245 1660 2756 1739 respondendum
2786 1660 3051 1731 Thome‚

585 1774 902 1853 Episcopo
960 1772 1428 1844 Herefordensi,
1486 1772 1564 1833 de
1633 1772 1868 1851 placito
1937 1789 2151 1851 quare,
2210 1775 2311 1830 etc
2318 1813 2749 1830 .....
2834 1786 3054 1846 grava·

584 1900 730 1941 men
778 1882 853 1962 (v.
898 1899 960 1958 p.
1007 1880 1132 1959 23),
1177 1884 1240 1939 et
1283 1877 1450 1939 unde
1491 1884 1565 1939 tu
1613 1880 1750 1957 ipse
1798 1877 1980 1937 nobis
2030 1875 2349 1937 mandasti
2396 1876 2465 1935 in
2518 1874 2781 1936 Octabis
2832 1873 3053 1934 Sancti

587 1985 842 2047 Hillarii
911 1984 1076 2066 quod
1148 2002 1518 2063 preceperas
1587 1983 1834 2044 ballivis
1904 1982 2181 2061 predicte
2252 1979 2562 2041 libertatis
2631 1978 2798 2058 quod
2882 1996 3055 2038 eum-

585 2098 916 2153 monerent
964 2111 1077 2170 per
1117 2090 1315 2152 bonos
1365 2091 1853 2151 summonitores
1894 2088 2247 2169 predictum
2292 2087 2625 2157 Comitem,
2672 2086 2841 2166 quod
2882 2090 3055 2146 esset

587 2216 802 2259 coram
873 2196 1054 2258 nobis
1117 2197 1197 2257 ad
1259 2197 1537 2257 eundum
1607 2196 1971 2266 terminum,
2038 2194 2118 2254 ad
2188 2192 2696 2273 respondendum
2767 2190 3057 2271 predicto

587 2301 904 2381 Episcopo
947 2301 1025 2362 de
1066 2301 1350 2381 predicto
1388 2300 1645 2380 placito,
1689 2300 1797 2380 qui
1839 2298 2033 2360 nichil
2074 2298 2223 2359 inde
2262 2298 2569 2359 fecerunt.
2674 2298 2762 2358 Et
2812 2296 3055 2357 habeas

587 2406 675 2468 ibi
744 2407 1004 2467 nomina
1071 2406 1600 2468 summonitor-um
1669 2414 1735 2466 et
1804 2406 1923 2465 hoc
1996 2410 2199 2468 breve.
2312 2406 2500 2467 Teste
2562 2404 2621 2465 B
2640 2403 2901 2483 [adulfo]
2976 2402 3059 2464 de

587 2511 975 2591 Hengham‚¹
1015 2510 1143 2590 xxij
1203 2512 1305 2572 die
1357 2510 1397 2573 J
1403 2509 1665 2584 anuarii,
1712 2530 1881 2572 anno
1936 2511 2110 2590 regni
2165 2510 2367 2572 nostri
2421 2516 2667 2590 quarto.

587 2771 734 2830 Jan.
764 2768 1244 2831 27.—Nicholas
1272 2768 1347 2828 dc
1380 2767 1682 2847 Herqford
1715 2767 1773 2827 is
1812 2766 2069 2828 collated
2105 2774 2162 2827 to
2199 2766 2297 2826 the
2330 2766 2490 2845 office
2527 2766 2598 2845 of
2623 2765 3057 2842 Penitentiary

828 2870 910 3011 gy
936 2850 1042 2991 τιέξ
1071 2849 1391 2991 ἓῖιτέάίέἒιοη
1421 2849 1492 2928 os
1516 2848 1879 2909 continuone
1912 2847 2217 2908 residcnce
2255 2848 2382 2907 and
2407 2846 2699 2927 personal
2730 2846 3056 2923 discharqc

764 3087 1143 3147 Insa-memo
1225 3102 1730 3146 Pammnoumn
1822 3082 2813 3153 Hnnnronnnns1s.—Thomas,
2902 3088 3052 3155 etc.,

585 3192 897 3255 Nicholao
952 3192 1030 3252 de
1089 3190 1478 3262 Hereiordia
1528 3189 1898 3269 presbitero,
1954 3190 2247 3261 salutem,
2293 3196 2413 3250 etc.
2517 3187 3054 3248 Penitenciariam

583 3297 869 3360 Ecclesie
938 3306 1152 3359 nostre
1230 3296 1712 3358 Herefordensis
1790 3296 1907 3357 tibi
1982 3296 2366 3357 contulimus
2434 3295 2672 3355 intuitu
2742 3294 3053 3367 caritatis,

582 3403 925 3465 tenendam
981 3410 1045 3463 et
1099 3401 1457 3463 habendam
1514 3400 1860 3462 secundum
1917 3400 2439 3461 consuetudinem
2488 3400 2774 3460 Ecclesie
2831 3418 3053 3478 supra-

582 3508 772 3581 dicte,
816 3508 908 3569 ita
948 3508 1116 3588 quod
1157 3508 1455 3568 continue
1496 3507 1562 3567 in
1613 3507 1903 3567 Ecclesia
1944 3508 2082 3586 ipsa
2134 3506 2426 3578 resideae,
2472 3514 2535 3567 et
2575 3526 2688 3585 per
2731 3514 2795 3567 te
2836 3506 3051 3585 ipsum

580 3634 876 3676 exerceas
919 3614 1191 3675 officium
1235 3613 1687 3692 supradictum.
1776 3613 1855 3673 In
1898 3612 2099 3691 cujus,
2130 3621 2252 3673 etc.
2341 3613 2579 3673 Datum
2616 3613 2783 3691 apud
2820 3612 3055 3691 Shyre-

583 3722 800 3793 burne,
846 3721 906 3800 vj
953 3719 1277 3781 Kalendas
1318 3718 1663 3790 Februarii,
1711 3737 1880 3779 anno
1925 3719 2181 3779 Domini
2227 3718 2663 3781 M0000LXX0
2703 3718 2945 3798 quinte.

584 3989 730 4049 Jan.
761 3988 1242 4149 2ῗ-ἆῖἴὲιοηεξιᾳιο
1287 3986 1485 4127 {ollthe
1529 3986 2002 4064 Hebdomadary
2049 3993 2106 4047 ιο
2148 3988 2364 4047 induat
2407 3986 2704 4047 Nicholas
2748 3986 2821 4046 de
2865 3986 3058 4047 Herc-

858 4090 926 4129 ον
1157 4088 1212 4129 ιε
1255 4088 1284 4128 s
1313 4088 1354 4127 a
1408 4114 1420 4127 .

749 4220 1043 4286 lemssn
1113 4226 1953 4297 nxnouoroms.—-Thomas,
2020 4232 2162 4297 etc„
2230 4225 2700 4286 Ebdomadario
2764 4225 3057 4286 Ecclesie

586 4331 1068 4391 Herefordensis
1125 4331 1416 4403 salutem,
1474 4338 1594 4392 etc.
1709 4330 1874 4406 Quia
1928 4330 2448 4409 penitenciariam
2504 4331 2793 4392 Ecclesie
2850 4331 3053 4391 Here-

582 4436 894 4499 fordensis
951 4435 1182 4496 dilecto
1243 4436 1392 4506 filio,
1461 4436 1770 4497 Nicbolao
1832 4436 1911 4497 de
1974 4436 2367 4509 Herefordia,
2432 4437 2806 4515 presbiter0‚
2866 4436 3056 4496 latori

583 4542 998 4622 presencium,
1063 4542 1446 4603 contulimus
1509 4543 1747 4603 intuitu
1816 4542 2123 4615 caritatis,
2187 4542 2366 4604 vobis
2434 4544 2815 4603 mandamus
2885 4542 3061 4622 quod

582 4649 790 4725 ipsum
841 4638 896 4707 N
906 4646 1222 4707 icholaum
1281 4648 1346 4706 in
1405 4647 1793 4725 corporalem
1850 4650 2311 4726 possessionem
2370 4647 2535 4709 dicte
2598 4647 3057 4727 penitenciarie

709 4780 1032 4827 l-Hengham
1058 4792 1161 4821 was
1188 4778 1326 4821 made
1351 4778 1487 4821 chief
1510 4780 1696 4821 Justice
1721 4782 1775 4821 at
1801 4781 1884 4821 the
1910 4788 1995 4826 age
2012 4778 2063 4821 of
2086 4780 2241 4828 thirty
2255 4779 2333 4822 for
2357 4782 2434 4822 his
2460 4786 2597 4828 great
2623 4782 2743 4828 legal
2770 4782 3062 4829 knowledge.

585 4848 658 4889 He
683 4858 786 4889 was
813 4846 1030 4887 removed
1057 4846 1174 4887 with
1200 4847 1338 4887 other
1362 4844 1529 4891 iudges
1557 4846 1603 4885 in
1633 4848 1745 4889 1298.
1775 4846 1860 4887 but
1886 4846 1923 4886 it
1950 4858 2053 4887 was
2080 4847 2183 4887 said
2212 4848 2269 4887 he
2286 4848 2397 4895 only
2415 4848 2597 4888 altered
2616 4848 2665 4887 in
2684 4850 2767 4889 the
2786 4848 2950 4889 record
2968 4860 3063 4891 one

583 4912 722 4954 mark
747 4916 798 4953 to
823 4924 854 4953 a
879 4910 980 4953 half
1005 4910 1080 4953 for
1104 4923 1135 4954 a
1162 4923 1275 4958 poor
1299 4909 1572 4953 defendant.
1627 4913 1700 4953 He
1725 4923 1829 4953 was
1854 4911 2141 4954 afterwards
2166 4912 2303 4955 chief
2326 4913 2513 4955 dustiee
2538 4914 2589 4955 of
2614 4914 2845 4956 Common
2874 4914 3034 4956 Pleas,
