3459 5617
655 509 775 569 266
1318 510 1673 588 Reyistrum
1732 511 1951 573 Thome
2005 512 2078 572 de
2137 511 2467 591 Cantihcpo

654 732 721 791 in
764 734 1021 812 negocio
1076 735 1298 795 talium
1354 736 1818 797 correccionum
1875 736 2164 797 defensor
2218 736 2468 797 admitti
2521 755 2651 795 non
2707 734 3124 805 consueverit,

654 838 865 917 ipsum
922 845 1153 911 tamen,
1198 862 1322 921 quo
1378 842 1457 901 ad
1514 842 1681 902 diem
1738 842 1934 913 illum,
1979 844 2058 903 ad
2107 842 2536 904 defensionem
2585 842 2960 901 admisimus
3011 840 3128 901 sub

652 946 990 1018 caucione;
1049 948 1138 1007 ita
1193 948 1480 1009 videlicet
1538 950 1706 1029 quod
1753 950 2036 1029 proximo
2087 950 2186 1010 die
2235 948 2363 1010 litis
2413 948 2619 1009 dictus
2669 948 2864 1008 frater
2906 946 3124 1025 W[i11·

656 1050 909 1134 elmus],
956 1053 1293 1115 ratificaret
1342 1055 1756 1134 personaliter
1805 1055 1921 1116 sub
1960 1075 2123 1135 pena
2170 1056 2358 1116 unius
2404 1074 2612 1115 marce
2662 1054 2906 1133 argenti
2955 1052 3124 1133 quic—

652 1158 806 1237 quid
846 1159 953 1219 illo
1003 1160 1103 1219 die
1142 1180 1256 1221 suo
1298 1161 1553 1221 nomine
1595 1182 1707 1241 per
1749 1162 1925 1221 illum
1968 1162 2261 1222 clericum
2308 1166 2476 1223 esset
2513 1160 2771 1221 factum.
2857 1160 2948 1220 Et
2981 1178 3126 1219 cum

650 1264 815 1325 idem
869 1266 1129 1326 clericus
1193 1272 1361 1327 esset
1416 1268 1495 1327 ad
1551 1266 1978 1328 defensionem
2030 1266 2255 1347 prefati
2307 1265 2597 1326 monachi
2649 1265 2740 1326 sic
2789 1264 3124 1334 admissm,

650 1372 833 1451 petiit
889 1371 1142 1432 nomine
1184 1372 1466 1452 ejusdem
1510 1371 1842 1433 articulum
1900 1392 2089 1452 super
2142 1372 2199 1432 ei
2239 1371 2581 1432 obiciendis
2632 1370 2750 1431 sibi
2797 1370 2943 1458 9di;
3000 1388 3128 1449 quo

653 1480 932 1555 optento,
976 1476 1340 1555 prefiximus
1385 1477 1450 1536 in
1480 1496 1770 1556 ,persona
1824 1478 1962 1557 ejus
2018 1476 2220 1537 eidem
2279 1475 2454 1535 fratri
2511 1476 2594 1535 W
2615 1474 2895 1553 [illelmo]
2959 1474 3127 1535 diem

650 1580 986 1661 juridicum
1042 1582 1395 1661 proximum
1451 1588 1597 1661 post
1659 1582 1920 1643 Festum
1983 1582 2211 1643 Sancte
2271 1581 2481 1653 Lucie,
2539 1580 2836 1659 Virginis,
2897 1580 2980 1640 ad
3035 1600 3130 1640 re·

652 1687 1106 1767 spondendum,
1151 1693 1267 1747 etc.
1372 1688 1457 1747 Et
1512 1688 1659 1768 quia
1715 1687 1860 1747 talis
1916 1686 2174 1767 prefixio
2215 1685 2526 1747 defensori
2577 1684 2939 1766 hujusmodi
2992 1690 3130 1746 erat

650 1792 818 1853 facta
872 1813 947 1853 ex
1002 1792 1410 1864 habundanti,
1462 1793 1723 1855 fecimus
1779 1792 2055 1872 legitime
2111 1798 2174 1853 et
2215 1791 2635 1872 peremptorie
2685 1791 2894 1871 ipsum
2945 1791 3128 1851 citari

650 1900 817 1979 quod
876 1899 1097 1959 eodem
1159 1899 1258 1960 die
1327 1918 1537 1959 coram
1598 1898 1780 1959 nobis
1839 1898 2250 1978 personaliter
2319 1902 2727 1976 compareret,
2791 1897 3128 1957 veritatem

651 2006 935 2066 dicturus
994 2006 1059 2063 in
1121 2005 1480 2084 premissis;
1545 2025 1689 2065 cum
1754 2005 1831 2065 de
1892 2004 2158 2065 veritate
2219 2004 2696 2063 Procuratorem
2763 2002 2950 2063 sicuti
3013 2022 3131 2081 per

650 2109 861 2190 ipsum
910 2114 1197 2169 constare
1246 2130 1375 2169 non
1422 2109 1632 2189 potuit
1681 2109 1748 2168 in
1797 2109 1916 2168 hac
1965 2114 2160 2188 parte,
2205 2112 2270 2167 et
2327 2106 2714 2168 consuetudo
2765 2106 2967 2167 eciam
3017 2126 3127 2187 ap·

648 2215 912 2295 probata
967 2215 1446 2275 Procuratorem
1501 2215 1569 2274 in
1624 2215 2035 2275 correccionis
2083 2213 2343 2293 negocio
2401 2232 2529 2273 non
2590 2212 2889 2273 admittit.
2986 2213 3128 2287 Quo

647 2320 751 2381 die
814 2320 1201 2391 adveniente,
1254 2320 1422 2381 idem
1479 2321 1519 2381 J
1522 2322 1804 2382 ohannes
1864 2339 2232 2399 comparens
2293 2318 2567 2399 porrexit
2617 2319 2936 2398 quoddam
2983 2338 3126 2398 pro-

646 2430 1032 2491 curatorium
1081 2430 1285 2509 prima
1334 2429 1491 2490 facie
1535 2430 1790 2489 nomine
1833 2429 1984 2489 dicti
2044 2428 2355 2499 monachi,
2401 2426 2604 2507 sigillo
2655 2432 2872 2488 tamen
2915 2427 3127 2505 incog-

646 2535 784 2596 nito
843 2534 1203 2615 sigillatum,
1264 2534 1332 2594 in
1389 2555 1513 2615 quo
1577 2534 1911 2595 ratificavit
1970 2534 2144 2614 prius
2207 2534 2554 2613 expositam
2607 2533 3009 2604 caucionem;
3059 2540 3130 2593 et

648 2660 794 2700 cum
856 2658 1045 2719 super
1103 2640 1305 2719 sigillo
1368 2640 1689 2720 probando
1754 2645 1948 2701 testes
2014 2660 2088 2701 ex
2149 2644 2329 2720 parte
2399 2640 2682 2719 ejusdem
2759 2640 2823 2717 [J
2825 2640 3122 2718 ohannis]

648 2744 917 2805 fuissent
972 2745 1277 2824 producti,
1326 2745 1402 2805 de
1458 2745 1679 2806 eodem
1728 2745 1931 2805 facere
1988 2765 2116 2805 non
2174 2744 2383 2824 potuit
2435 2744 2690 2823 plenam
2731 2742 2944 2805 fidem.
3038 2745 3130 2805 Et

646 2850 794 2930 quia
843 2849 1171 2910 constabat
1223 2850 1405 2911 n'obis
1453 2870 1565 2929 per
1612 2856 1922 2911 retroacta
1964 2850 2328 2910 caucionem
2376 2848 2570 2909 fuisse
2620 2848 2722 2909 die
2763 2848 2992 2910 ultimo
3033 2849 3127 2910 sic

647 2957 963 3027 emissam,
1007 2960 1078 3017 ut
1122 2956 1245 3017 isto
1288 2957 1388 3016 die
1428 2956 1668 3016 factum
1712 2956 1808 3016 sui
1853 2956 2198 3017 defensoris
2241 2954 2664 3016 ratificaturus
2709 2956 3129 3035 personaliter

648 3067 1053 3142 compareret,
1084 3066 1271 3142 prout
1305 3062 1370 3121 in
1410 3062 1568 3123 actis
1604 3062 1910 3142 separatis
1956 3083 2078 3142 que
2120 3062 2286 3122 idem
2328 3062 2368 3122 J
2389 3061 2720 3141 [ohannes]
2765 3062 3124 3143 consignari

646 3168 919 3248 petebat,
971 3174 1035 3228 et
1084 3188 1205 3247 que
1254 3169 1621 3247 consignata
1670 3168 1866 3247 gratis
1917 3168 2188 3239 admisit,
2239 3173 2305 3228 et
2354 3167 2581 3248 quibus
2633 3188 2927 3248 expresse
2977 3188 3122 3228 con·

646 3273 864 3344 sensit,
934 3273 1166 3352 liq'uide
1242 3274 1616 3345 continetur,
1688 3294 1917 3352 penam
1993 3273 2301 3353 prefatam
2365 3273 2922 3352 pronunciavimus
2982 3294 3122 3335 6886

645 3370 1082 3450 commissam3
1140 3379 1539 3440 attendentes
1597 3380 1797 3440 eciam
1853 3378 2352 3459 procuratorium
2403 3399 2532 3439 non
2582 3398 2722 3439 esse
2761 3379 3120 3458 probatum,

646 3506 763 3547 nec
810 3488 1325 3566 procuratorium,
1375 3488 1575 3548 eciam
1624 3487 1677 3547 si
1728 3488 1805 3547 de
1853 3487 2074 3547 eodem
2130 3485 2556 3565 procuratorio
2613 3485 2922 3565 legittime
2973 3506 3118 3546 con-

648 3591 933 3661 stitisset,
1005 3591 1135 3653 fore
1207 3592 1271 3650 in
1341 3592 1453 3652 tali
1523 3592 1782 3671 negocio
1851 3592 2330 3661 admittendum,
2403 3597 2590 3671 prout
2661 3591 2953 3670 superius
3025 3597 3124 3653 est

645 3716 1029 3776 expressum,
1100 3697 1307 3776 ipsum
1379 3702 1815 3759 contumacem
1885 3703 2250 3775 reputantes
2323 3696 2402 3755 ab
2477 3696 2764 3775 ingressu
2835 3696 3122 3757 Ecclesia

648 3802 1091 3881 suspendimus
1130 3801 1383 3882 justicia
1432 3784 1749 3881 exigente;
1809 3804 2076 3863 citantes
2122 3802 2392 3862 eundem
2435 3801 2884 3862 nichilominus
2943 3802 3120 3881 legit-

650 3908 802 3967 time
840 3907 1008 3987 quod
1040 3927 1249 3968 coram
1288 3907 1469 3968 nobis
1505 3908 1605 3967 die
1642 3908 1908 3987 juridico
1952 3908 2234 3987 proximo
2275 3912 2422 3987 post
2457 3906 2720 3965 Festum
2759 3906 3122 3985 Epiphanio

648 4012 904 4073 Domini
949 4018 1353 4092 compareret,
1400 4018 1516 4074 etc.
1620 4014 1706 4074 Et
1750 4034 1893 4074 cum
1937 4014 2043 4074 illo
2093 4013 2193 4073 die
2235 4012 2408 4073 nullo
2451 4012 2637 4072 modo
2681 4031 2894 4072 coram
2939 4012 3120 4073 nobis

647 4138 1007 4198 comparere
1067 4124 1329 4189 curaret,
1388 4120 1594 4198 ipsum
1656 4140 1732 4180 ex
1789 4120 2030 4180 duabus
2089 4118 2314 4189 causis,
2374 4137 2488 4197 pro
2537 4137 2610 4178 eo
2661 4117 2902 4177 scilicet
2953 4118 3118 4198 quod

648 4224 857 4303 ipsum
900 4223 977 4283 ab
1018 4224 1303 4303 ingressu
1347 4223 1606 4285 ecclesie
1649 4224 2094 4304 suspendimus
2152 4228 2216 4284 et
2272 4242 2502 4302 penam
2559 4222 3118 4302 pronunciavimus

648 4350 786 4390 esse
828 4330 1248 4401 commissam,
1291 4350 1402 4409 per
1444 4330 1813 4409 magistrum
1871 4329 2216 4390 Robertum
2263 4328 2340 4388 de
2381 4327 2754 4397 Rodewelle,
2800 4327 3116 4399 clericum,

647 4438 712 4493 et
768 4431 1207 4493 collateralem1
1262 4438 1567 4504 nostrum,
1622 4434 1721 4493 cui
1777 4434 1897 4493 hoc
1955 4432 2306 4512 specialiter
2361 4430 2812 4503 commisimuS,
2871 4452 3114 4493 excom·

646 4538 1124 4608 municavimus,
1195 4537 1350 4598 illud
1419 4558 1533 4599 sua
1596 4538 1990 4598 contumacia
2060 4542 2452 4617 exposcente.
2557 4537 2734 4597 Post·
2781 4537 2902 4597 hec
2973 4557 3117 4599 vero

648 4634 964 4695 Henricus
1007 4635 1212 4695 dictus
1257 4636 1561 4715 Styward,
1595 4636 1975 4696 senescallus
2017 4636 2330 4714 prioratus
2375 4634 2838 4704 Leoministrie,
2877 4634 3110 4696 Willel·

647 4751 790 4792 mus
839 4732 916 4791 de
971 4731 1031 4791 18
1081 4732 1291 4805 Hune,
1342 4734 1382 4793 J
1385 4733 1667 4794 ohannes
1724 4732 2004 4803 clericus,
2067 4730 2410 4793 servientes
2453 4730 2738 4809 ejusdem
2778 4731 3110 4810 prioratus,

646 4829 815 4908 apud
871 4828 1216 4908 Bosebury,
1273 4831 1374 4891 die
1432 4830 1658 4891 Martis
1713 4830 1996 4909 proxima
2041 4833 2185 4909 post
2242 4828 2504 4888 Festum
2561 4827 2924 4908 Epiphanio
2977 4848 3112 4907 pre·

1517 4946 1952 4995 1—collateralem.
1992 4958 2226 4989 assessor.
