3459 5617
79 4748 160 4788 1³01.
187 4748 274 4790 17b.

1184 506 1486 586 Episcopi
1537 506 1611 566 H
1607 506 2020 587 erefordensis.
2753 510 2829 571 47

369 731 829 804 Leoministrie,
855 751 1043 812 quam
1071 731 1137 791 in
1165 732 1448 810 proprios
1475 750 1630 791 usus
1658 730 1889 791 habere
1919 730 2219 802 dicimini,
2252 740 2437 809 prout
2464 731 2836 793 incumbens

366 838 544 900 nobis
572 858 726 899 cura
754 838 1018 917 requirit
1045 842 1362 917 quatenus
1390 836 1712 915 potuimus
1755 854 1956 914 nuper
1995 834 2261 906 executi,
2303 835 2574 914 quedam
2618 856 2729 896 vos
2771 844 2837 898 et

369 943 726 1005 Prioratum
775 948 1054 1003 vestrum
1112 942 1550 1022 contingencia
1603 942 1669 1002 in
1724 942 1865 1020 ipsa
1921 940 2286 1001 visitacione
2341 959 2481 1020 que,
2530 947 2837 1020 tanquam

369 1048 613 1109 notoria
641 1054 706 1109 et
737 1047 1098 1118 manifesta,
1129 1047 1482 1108 correcione
1511 1051 1575 1107 et
1604 1046 2055 1106 reson-macione
2084 1045 2293 1124 digna,
2337 1046 2516 1107 vobis
2555 1047 2837 1108 seriatim

367 1159 436 1215 ut
480 1153 897 1233 capitulando
944 1153 1417 1215 innotescimus.
1530 1153 1709 1213 Licet
1752 1152 1919 1213 enim
1963 1152 2227 1213 ecclesia
2277 1157 2487 1213 vestra
2531 1152 2833 1231 predicta,

368 1261 528 1323 sicut
571 1268 640 1322 et
683 1279 906 1321 omnes
945 1260 1066 1321 alie
1107 1259 1370 1321 ecclesie
1411 1260 1795 1331 materiales,
1827 1258 2119 1318 omnibus
2162 1257 2398 1319 Christi
2431 1257 2740 1329 fidelibus,
2772 1264 2837 1321 et

369 1368 640 1428 maxime
669 1365 871 1445 ipsius
891 1365 1153 1426 ecclesie
1175 1364 1595 1444 parochianis,
1617 1364 1756 1443 jure
1777 1364 2027 1444 publico
2048 1382 2187 1425 esse
2208 1364 2437 1425 debeat
2460 1365 2833 1437 communis,

363 1482 436 1535 ut
483 1473 752 1551 singulis
802 1472 974 1533 horis
1023 1480 1158 1532 tam
1202 1471 1442 1532 diurnis
1490 1491 1679 1551 quam
1717 1472 2060 1541 nocturnis,
2091 1470 2391 1549 quociens
2432 1490 2590 1549 opus
2624 1471 2831 1545 fuerit,

367 1580 519 1641 liber
567 1585 786 1659 pateat
837 1597 1126 1639 accessus
1169 1578 1407 1656 ingredi
1446 1578 1806 1638 volentibus
1849 1578 1930 1638 ad
1979 1576 2287 1649 eandem;
2360 1596 2576 1638 versus
2620 1588 2835 1639 tamen

365 1692 644 1747 vestram
686 1684 1036 1765 predictam
1078 1683 1409 1744 ecclesiam
1450 1683 1771 1763 quandam
1801 1693 2050 1762 portam
2094 1682 2158 1742 in
2189 1702 2343 1744 usus
2372 1691 2613 1744 vestros
2642 1683 2835 1763 depu-

365 1796 570 1852 tatam
615 1810 756 1851 esse
798 1790 1176 1859 invenimus,
1207 1808 1320 1867 per
1360 1790 1543 1868 cujus
1571 1796 1749 1868 porte
1778 1789 2135 1849 clausuram
2164 1789 2354 1849 certis
2383 1789 2554 1851 horis
2582 1810 2695 1869 per
2721 1810 2833 1853 vos

367 1896 440 1956 ad
486 1897 608 1956 hoc
660 1896 1018 1974 assignatis,
1063 1901 1194 1955 tam
1241 1900 1524 1974 tempore
1566 1895 1797 1972 yemali
1839 1914 2030 1975 quam
2075 1895 2344 1967 estivali,
2392 1896 2566 1956 mala
2614 1916 2834 1975 quam·

365 2002 636 2081 plurima
685 2008 855 2062 retro
903 2001 1290 2080 temporibus
1338 2002 1757 2079 contigerunt,
1816 2009 1880 2061 et
1931 2001 2135 2062 adhuc
2185 2002 2447 2081 singulis
2495 2001 2714 2063 diebus
2771 2009 2835 2064 et

365 2107 658 2169 noctibus
686 2108 956 2167 iminent
986 2116 1050 2167 et
1074 2106 1334 2166 iminere
1355 2114 1654 2186 poterunt
1671 2106 1739 2166 in
1763 2107 2064 2167 futurum.
2137 2107 2307 2168 Ecce
2328 2108 2494 2168 enim
2518 2108 2835 2169 karissimi

363 2214 530 2293 quod
575 2214 1051 2275 sanctissimum
1095 2212 1338 2291 Corpus
1379 2212 1614 2274 Christi
1658 2220 1721 2272 et
1761 2213 2261 2283 immaculatum,
2295 2213 2446 2274 dum
2474 2214 2541 2273 in
2570 2215 2838 2275 ecclesia

363 2318 522 2397 ipsa,
554 2325 811 2398 propter
839 2318 1140 2397 predicta,
1173 2320 1468 2379 continue
1495 2319 1712 2397 reponi
1742 2338 1869 2379 non
1912 2326 2140 2397 potest,
2172 2320 2239 2379 in
2280 2320 2419 2382 loco
2460 2340 2588 2381 non
2632 2339 2831 2394 sacre,

363 2424 524 2485 forte
553 2424 764 2484 lutoso
792 2430 856 2483 et
885 2423 1096 2483 minus
1117 2423 1403 2493 honest0,
1429 2430 1493 2484 et
1517 2423 1697 2502 quasi
1719 2444 1861 2484 cum
1886 2425 2135 2485 modica
2154 2426 2253 2485 vel
2277 2425 2453 2487 nulla
2476 2427 2834 2489 reverencia

361 2536 494 2591 tam
523 2550 823 2609 magnum
853 2536 986 2589 tam
1011 2529 1215 2590 nobile
1240 2529 1586 2590 misterium
1607 2531 1951 2609 reponitur,
1976 2532 2040 2591 in
2064 2532 2269 2593 tocius
2291 2531 2439 2592 cleri
2462 2533 2833 2595 scandalum

363 2655 492 2696 non
535 2635 877 2706 modicum,
930 2642 993 2695 et
1035 2643 1256 2696 contra
1299 2635 1652 2697 Christiane
1697 2635 1845 2696 fidei
1895 2638 2275 2716 religionem,
2322 2657 2397 2699 ac
2446 2658 2661 2699 eorum
2711 2660 2832 2719 que

365 2760 554 2820 super
596 2740 940 2801 reverenda
983 2739 1150 2800 tanti
1200 2740 1463 2800 misterii
1514 2740 1928 2819 disposicione
1980 2762 2019 2803 a
2068 2742 2485 2805 sanctissimis
2534 2745 2833 2807 Patribus

360 2846 677 2907 hactenus
706 2852 1054 2907 noscuntur
1093 2865 1232 2907 esse
1276 2853 1542 2907 statuta.
1630 2846 1797 2908 Ecce
1830 2848 2117 2908 similiter
2156 2848 2323 2928 quod
2366 2858 2831 2912 sacramentum

363 2950 684 3029 baptismi,
717 2951 1000 3011 omnium
1044 2959 1584 3011 sacramentorum
1612 2952 1827 3030 janua,
1857 2953 2280 3032 ingredientes
2318 2956 2724 3017 sanctificans
2764 2962 2831 3019 et

361 3055 443 3116 ab
500 3056 788 3134 originali
843 3064 1106 3135 peccato
1162 3058 1534 3129 emundans,
1587 3056 1899 3139 aliquibus
1958 3059 2127 3119 horis
2184 3060 2264 3121 ob
2318 3062 2597 3140 predicte
2651 3070 2832 3141 porte

361 3160 886 3239 impedimentum
931 3164 996 3221 in
1038 3181 1134 3234 ea,
1178 3170 1365 3241 prout
1408 3162 1679 3235 deceret,
1722 3164 1883 3225 forte
1932 3166 2346 3227 morientibus
2395 3170 2661 3229 conferri
2703 3190 2831 3232 non

360 3272 616 3345 potest;
662 3266 830 3345 quod
858 3265 1183 3327 honestius
1210 3266 1276 3326 in
1319 3267 1472 3327 locis
1502 3268 1696 3328 sacris
1723 3289 1915 3349 quam
1948 3272 2013 3329 in
2042 3271 2305 3349 privatis
2346 3273 2445 3334 vel
2488 3275 2831 3354 prophanis

363 3370 628 3450 singulis
658 3372 830 3433 horis
857 3379 1024 3433 esset
1051 3372 1520 3445 conferendum,
1553 3374 1606 3435 si
1635 3375 1755 3435 hoc
1784 3376 1946 3437 vires
1975 3378 2411 3456 permitterent
2441 3379 2827 3460 baptizandi.

361 3476 534 3538 Item
562 3476 827 3556 confuge
869 3478 948 3538 ad
977 3479 1309 3540 ecclesiam
1337 3480 1759 3541 immunitatis
1789 3482 2077 3543 habende
2106 3503 2317 3557 causa,
2347 3505 2424 3546 ex
2455 3486 2620 3548 dicte
2647 3496 2830 3567 porte
2878 3542 2883 3547 .

360 3583 659 3644 clausura
687 3583 751 3643 in
774 3584 1019 3662 urgenti
1039 3586 1434 3645 necessitatis
1457 3585 1720 3647 articulo
1743 3587 2110 3668 plerumque
2130 3590 2467 3668 paciuntur
2487 3594 2827 3671 repulsam,

358 3707 478 3767 per
503 3688 669 3767 quod
701 3688 944 3768 aliquos
975 3691 1531 3770 retrotemporibus
1561 3693 1837 3771 oportuit
1867 3693 2161 3754 ultimum
2192 3696 2399 3756 subire
2428 3698 2827 3777 supplicium,

357 3798 550 3871 prout
569 3814 646 3853 ex
664 3794 1026 3855 testimonio
1042 3794 1494 3875 fidedignorum
1514 3796 1634 3857 hoc
1651 3797 1983 3859 didicimus
2002 3801 2402 3878 competenti.
2464 3804 2829 3884 Acciditque

359 3899 724 3979 frequenter
771 3900 940 3979 quod
987 3901 1259 3961 ministri
1308 3902 1568 3963 ecclesie
1618 3904 1785 3964 dicte
1836 3904 2138 3985 obsequia
2185 3907 2251 3967 in
2300 3908 2565 3969 ecclesia
2608 3910 2829 3990 exequi

357 4006 732 4067 memorata,
764 4016 840 4058 ac
878 3998 1244 4076 parochiani
1271 4018 1449 4060 orare
1492 4006 1556 4061 et
1597 4020 1815 4080 preces
1845 4002 2169 4063 Altissimo
2198 4005 2513 4066 effundere
2541 4026 2655 4085 pro
2697 4008 2829 4069 suis

355 4102 642 4181 peccatis
670 4102 1065 4175 affectantes,
1096 4123 1208 4182 per
1233 4104 1468 4165 dictam
1500 4114 1750 4184 portam
1778 4107 2034 4181 exclusi,
2068 4107 2219 4169 dum
2247 4110 2486 4189 ingredi
2508 4120 2829 4192 nequeunt

357 4208 610 4269 diutina
661 4210 942 4270 stacione
989 4209 1220 4272 ibidem
1264 4210 1433 4271 tedio
1475 4212 1705 4284 affecti,
1759 4214 1838 4274 ad
1882 4214 2021 4276 loca
2061 4235 2178 4276 sua
2220 4224 2659 4291 revertuntur;
2715 4237 2829 4298 per

357 4314 531 4394 quod
581 4333 799 4374 eorum
847 4314 1102 4375 devocio
1149 4313 1216 4374 in
1267 4316 1498 4379 talibus
1549 4318 1843 4397 frigescit,
1896 4330 1960 4381 et
2010 4321 2274 4383 ecclesia
2322 4322 2477 4401 ipsa,
2522 4343 2648 4384 non
2691 4326 2829 4387 sine

355 4419 537 4498 gravi
579 4419 875 4498 pericu10‚
921 4420 1132 4499 sepius
1175 4422 1304 4481 suis
1346 4422 1574 4483 debitis
1617 4424 2044 4499 defraudatur,
2083 4436 2147 4487 et
2190 4448 2266 4489 ex
2310 4430 2428 4489 hoc
2470 4432 2825 4495 animarum

356 4545 514 4585 cura
565 4524 994 4586 indubitanter
1042 4526 1374 4605 negligitur
1421 4528 1487 4588 in
1537 4514 1779 4592 eadem.
1888 4532 2029 4593 Hec
2079 4541 2142 4594 et
2192 4535 2319 4596 alia
2366 4538 2831 4616 quamplurima

354 4631 644 4712 pericula
683 4630 971 4703 iminent,
1017 4637 1080 4692 et
1123 4630 1382 4692 iminere
1424 4642 1742 4713 poterunt,
1776 4638 1830 4697 si
1869 4647 2217 4701 memorata
2258 4649 2441 4720 porta
2467 4643 2534 4701 in
2562 4644 2829 4721 pristino

357 4743 540 4799 statu
554 4746 899 4809 remaneat,
919 4742 1105 4816 prout
1124 4737 1336 4799 omnia
1356 4741 1664 4818 premissa
1683 4745 1939 4805 oculata
1960 4744 2084 4805 fide
2101 4746 2487 4826 perpendere
2504 4750 2827 4826 potuimus

357 4843 524 4906 satis
553 4843 893 4905 evidenter.
981 4842 1076 4905 Ad
1107 4842 1222 4904 hec
1252 4863 1395 4904 cum
1424 4845 1490 4905 in
1529 4846 1795 4927 singulis
1822 4851 2101 4911 ecclesiis
2129 4852 2592 4931 parochialibus
2634 4854 2826 4934 hujus
