3459 5617
756 493 875 551 282
1416 491 1774 570 Reqistrwm
1830 490 2050 550 Umme
2103 489 2178 551 de
2237 490 2572 570 Cantibugpo

916 715 1079 775 Item
1124 735 1249 775 non
1292 720 1543 775 constat
1584 715 1788 792 ipsam
1823 714 2208 774 delacionem
2241 714 2698 774 denunciatam
2729 713 2922 774 fuisse
2949 714 3162 778 Domino

753 840 889 892 suc,
948 821 1395 882 Herefordensi
1452 821 1787 900 Episcopo,
1840 839 1984 880 cum
2041 839 2166 880 non
2223 827 2475 881 constat
2529 820 2708 898 quod
2765 819 2808 880 J
2811 820 3068 880 ohannes
3109 823 3164 881 de

756 925 978 987 Becles
1019 927 1286 987 nuncius
1328 927 1532 987 fuerat
1576 926 1834 985 Domini
1876 926 2344 1007 Archiepiscopi
2386 927 2470 986 ad
2511 925 3032 986 denunciandum.

918 1061 1081 1120 Item
1133 1079 1260 1119 non
1305 1064 1555 1119 constat
1604 1057 1772 1137 quod
1821 1058 2312 1128 denunciaverit,
2358 1077 2502 1117 cum
2551 1058 2732 1117 idem
2783 1057 2918 1134 ipse
2955 1060 3162 1118 nuncius

754 1173 820 1226 et
880 1165 1287 1225 denunciator
1344 1170 1407 1224 et
1468 1164 1751 1224 notarius
1809 1164 1915 1242 qui
1975 1163 2052 1224 de
2111 1165 2232 1225 hiis
2280 1171 2492 1242 posset
2543 1163 2879 1224 testificari
2931 1183 3048 1223 esse
3089 1167 3160 1223 vel

756 1272 949 1332 fuisse
992 1290 1116 1330 non
1160 1270 1451 1349 potuerit.

920 1403 1083 1461 Item
1132 1420 1259 1461 non
1309 1407 1560 1461 constat
1608 1401 1772 1481 quod
1825 1411 2111 1478 tempora
2159 1400 2521 1478 prefixionis
2571 1401 2852 1478 alicujus
2902 1401 3030 1460 date
3061 1402 3160 1460 sine

753 1508 1098 1588 prejudicio
1151 1507 1319 1587 quod
1374 1507 1654 1566 delatum
1710 1516 1879 1566 esset
1937 1512 2188 1566 servata
2242 1505 2474 1566 fuerint
2529 1525 2642 1584 per
2705 1513 2950 1582 part-em
3003 1505 3156 1583 appel·

756 1615 975 1675 latam.

918 1745 1087 1805 Item
1137 1744 1545 1804 denunciacio
1595 1744 2026 1803 Procuratoris
2075 1743 2335 1802 Domini
2379 1744 2760 1804 Assavensis
2805 1763 2928 1802 non
2965 1743 3160 1810 obstan

757 1869 927 1920 nam,
975 1850 1119 1910 licet
1174 1850 1209 1910 J
1218 1833 1501 1909 ohannes
1550 1849 1627 1908 de
1678 1849 1902 1909 Becles
1951 1848 2283 1908 inseruerit
2343 1853 2631 1909 tenorem
2692 1847 3012 1927 cujusdam
3059 1865 3158 1925 pro-

750 1955 1047 2016 curatorii
1091 1955 1153 2014 in
1197 1955 1522 2033 presencia
1564 1954 1814 2024 Aniani,
1847 1961 1918 2014 ut
1963 1954 2133 2024 dicit,
2166 1953 2471 2032 concepti,
2522 1973 2650 2014 non
2695 1959 2911 2013 tamen
2951 1953 3160 2011 creditur

752 2061 873 2123 nisi
917 2066 1218 2138 appareat
1260 2060 1581 2136 originale,
1627 2059 1796 2138 quod
1837 2059 2213 2138 productum
2258 2078 2385 2119 non
2427 2065 2544 2121 est.

913 2192 1080 2252 Item
1149 2197 1286 2252 esto
1354 2193 1489 2252 sine
1564 2191 1912 2269 preJ‘udicio
1994 2192 2162 2271 quod
2245 2192 2626 2251 Procurator
2709 2191 2936 2250 fuisset
3007 2190 3160 2248 dietus

754 2299 1056 2369 Anianus,
1141 2317 1265 2359 non
1351 2304 1563 2357 tamen
1647 2297 1870 2358 habuit
1951 2297 2204 2358 credere
2287 2296 2784 2357 Herefordensis
2875 2295 3159 2373 Episcopus

748 2403 1241 2464 denunciacioni'
1282 2423 1413 2474 sue,
1466 2423 1609 2462 cum
1663 2403 2021 2464 adversario
2071 2423 2185 2463 suo
2235 2403 2375 2483 quis
2423 2402 2680 2463 credere
2733 2421 2862 2462 non
2915 2410 3159 2460 teneatur.

920 2537 1083 2594 Item
1132 2555 1257 2594 non
1298 2534 1600 2596 valuisset
1651 2534 1892 2594 delacio
1915 2535 1974 2595 'J
1983 2533 2183 2594 udicis
2227 2535 2324 2593 vel
2371 2533 2573 2612 partis
2615 2532 2793 2593 facta
2849 2551 2968 2591 non
3004 2549 3161 2588 coram

750 2641 791 2701 J
798 2640 994 2711 udice,
1060 2659 1201 2699 cum
1266 2640 1383 2700 hec
1445 2659 1630 2700 cause
1694 2640 2152 2718 cognicionum¹
2208 2639 2536 2718 requirunt
2595 2657 2724 2717 que
2783 2639 2851 2696 in
2907 2635 3162 2715 presencia

747 2747 788 2807 J
792 2747 993 2806 udicis
1034 2746 1167 2806 fieri
1210 2745 1479 2816 debent;
1540 2765 1688 2806 nam
1737 2765 1815 2806 ea
1863 2765 1984 2824 que
2027 2764 2216 2805 cause
2259 2743 2696 2822 cognicionum
2747 2742 3052 2822 requirunt
3081 2757 3160 2817 per

752 2850 1029 2910 libellum
1073 2851 1237 2909 inter
1276 2849 1567 2910 absentes
1611 2850 1891 2928 expediri
1935 2868 2061 2908 non
2104 2863 2392 2928 possunt.

916 2980 1079 3039 Item
1137 2979 1287 3039 dato
1336 2981 1470 3040 sine
1526 2981 1872 3058 prejudicio
1927 2980 2093 3060 quod
2151 2986 2470 3040 constaret
2526 2979 2604 3038 de
2651 2978 3064 3058 appellacione
3093 2975 3156 3033 in·

753 3085 1055 3164 terposita
1094 3105 1207 3165 pro
1248 3091 1443 3172 parte·
1465 3086 1719 3145 Domini
1766 3086 2064 3164 Episcopi
2109 3085 2611 3156 Herefordensis‚
2647 3093 2716 3146 et
2761 3085 2841 3146 de
2881 3083 3157 3163 prefixione

750 3211 873 3271 que
916 3191 1143 3251 dicitur
1184 3193 1354 3253 facta
1395 3212 1503 3271 per
1546 3193 1725 3252 illum
1769 3193 1876 3272 qui
1919 3213 1986 3254 se
2031 3194 2352 3254 asserebat
2393 3195 2884 3253 Procuratorem
2924 3189 3158 3270 Episcopi

751 3299 1146 3369 Assavensis‚
1218 3298 1580 3376 hujusmodi
1650 3300 1912 3378 prefixio
1982 3300 2158 3360 nulla
2225 3306 2417 3372 esset,
2475 3319 2620 3359 cum
2681 3300 3026 3378 appellatus
3069 3313 3156 3354 non

748 3411 963 3485 posset
1031 3405 1329 3483 prefigere
1399 3406 1738 3465 terminum
1811 3405 1888 3465 de
1956 3405 2095 3483 jure
2165 3405 2506 3483 appellanti
2571 3404 2651 3465 ad
2719 3400 3154 3483 prosequendam

751 3508 1267 3587 appellacionem.

916 3640 1081 3699 Item
1128 3639 1337 3700 littera
1384 3657 1504 3718 que
1553 3641 1931 3719 impetratur
1979 3641 2045 3698 in
2104 3640 2276 3700 nullo
2334 3639 2534 3718 tangit
2591 3639 3064 3717 appellacionem
3103 3634 3156 3692 de

748 3766 875 3826 qua
916 3746 1162 3806 videtur
1201 3746 1333 3806 fieri
1378 3745 1621 3806 mencio
1663 3747 1728 3805 in
1772 3746 2214 3817 instrumentO,
2263 3746 2427 3806 unde
2477 3745 2630 3804 dato
2685 3746 2828 3805 sine
2875 3740 3154 3822 prejudicio

750 3852 918 3933 quod
976 3871 1163 3930 super
1219 3852 1645 3930 appellacione
1703 3852 1781 3912 de
1836 3871 1961 3931 qua
2016 3853 2089 3911 fit
2147 3851 2391 3912 mencio
2448 3851 2514 3910 in
2568 3850 2992 3910 instrumento
3032 3857 3152 3905 esset

751 3977 945 4018 causa
1006 3958 1071 4017 in
1134 3958 1342 4028 Curia,
1406 3977 1533 4034 non
1598 3965 1808 4017 tamen
1869 3957 2123 4018 deberet
2183 3957 2398 4017 littera
2457 3975 2645 4034 quam
2709 3956 3000 4035 impetrat
3045 3950 3152 4009 Pro·

745 4071 1000 4123 curator
1044 4063 1297 4123 Domini
1342 4061 1826 4122 Herefordensis
1869 4062 1936 4121 in
1978 4063 2304 4122 audicione
2347 4077 2602 4140 propter
2644 4059 2771 4120 hoc
2814 4058 3059 4119 retineri.

915 4194 1035 4254 Per
1081 4193 1387 4273 premissa
1434 4193 1585 4253 dicit
1636 4193 2014 4252 Procurator
2058 4191 2314 4252 Domini
2358 4191 2660 4269 Episcopi
2705 4185 3148 4251 Herefordensis‚

752 4301 1135 4360 constitutus
1171 4300 1251 4359 ad
1284 4298 1772 4378 impetrandum,
1804 4298 1970 4377 quod
2006 4298 2269 4368 debetis.
2303 4297 2667 4359 Reverendo
2695 4297 2910 4366 Pater,
2939 4295 3148 4354 litteram

750 4425 873 4485 que
914 4405 1289 4484 impetratur
1330 4404 1648 4465 remittere
1693 4404 1776 4464 ad
1817 4404 2208 4464 audicionem
2251 4404 2630 4465 absolutam.

1498 4541 1626 4581 l-ln
1654 4540 1757 4580 MS.
1783 4536 2160 4585 municionum
2186 4539 2495 4588 throughout.
